2254 3461
536 351 142 51 PARIS,
715 351 155 42 MUSÉE
902 351 237 42 NATIONAL
1177 362 58 30 DU
1269 349 182 42 LOUVRE
1736 346 50 44 41

173 483 80 43 (71)
351 482 158 43 Jacque,
537 480 171 35 Charles.
737 480 252 45 (1813-189.1).
1034 500 40 3 —
1115 482 48 31 La
1189 478 106 47 petite
1323 478 167 45 bergerie.

563 540 183 45 Paysanne
767 547 206 37 arrangeant
994 539 49 33 les
1064 539 164 34 râteliers.
1283 538 93 36 Coll.
1402 538 240 42 Chauchard,
1683 538 145 45 galerie

170 601 79 43 (72)
426 621 40 2 —
520 599 44 33 La
593 599 129 44 grande
750 598 191 45 bergerie
1641 598 42 45 -
1683 598 44 45 i

183 660 69 35 430
278 672 18 20 a
428 680 38 2 —
520 658 186 44 Troupeau
734 658 42 33 de
799 666 169 24 moutons
988 657 87 34 dans
1095 669 48 22 un
1164 668 150 34 paysage
1376 658 36 33 E.
1429 657 34 34 F.
1482 657 96 33 XIXe
1600 656 34 35 S.
1650 657 48 44 2e
1698 657 114 44 étage
1838 657 13 33 1

182 719 69 36 433
348 720 207 40 Jouvenet,
581 718 110 34 Jean.
723 716 247 45 (1614-1717).
996 737 41 4 —
1060 717 47 33 La
1133 716 109 46 pêche
1264 716 230 34 miraculeuse
1545 716 133 34 XIV-N

182 779 70 35 434
423 799 39 2 —
517 777 45 33 La
589 776 233 34 résurrection
849 776 43 33 de
921 775 120 34 Lazare
1543 775 125 35 XIV-S

182 838 68 35 437
421 858 39 2 —
514 836 46 33 La
587 837 162 32 descente
776 835 43 34 de
845 835 638 33 croix.
1539 835 125 35 XIV-S

182 897 69 34 440
423 917 38 2 —
515 896 78 33 Vue
620 896 46 33 du
694 894 232 34 maître-autel
954 895 43 33 de
1023 895 246 33 Notre-Dame
1296 895 43 33 de
1367 895 113 34 Paris.
1538 894 125 35 XIV-S

182 956 69 35 440
276 968 18 21 a
419 977 40 2 —
513 955 159 45 Esquisse
700 955 46 33 du
768 953 142 46 plafond
933 955 43 32 de
996 954 31 33 la
1045 954 179 34 Chambre
1245 955 61 33 des
1328 955 169 45 enquêtes

562 1015 46 33 du
637 1014 193 45 parlement
856 1014 43 33 de
927 1014 562 34 Rouen.,.,.
1545 1013 126 35 XVI-S

182 1075 66 35 441
421 1095 40 2 —
515 1074 147 33 Portrait
689 1074 42 33 de
759 1074 39 34 R.
835 1073 114 42 Finot,
990 1072 199 46 professeur
1228 1075 18 31 à
1285 1073 31 34 la
1356 1073 139 34 Faculté

561 1134 42 33 de
631 1133 182 34 médecine
839 1133 43 33 de
910 1133 107 42 Paris,
1061 1132 166 35 autrefois
1267 1133 49 34 dit
1354 1132 143 46 portrait

563 1193 42 33 de
626 1193 130 45 Fagon,
773 1192 152 45 premier
936 1192 162 34 médecin
1125 1192 46 34 du
1198 1192 52 34 roi
1279 1192 106 34 Louis
1410 1192 84 34 XIV
1545 1191 126 35 XIV-S

182 1253 69 34 442
351 1253 49 34 La
428 1254 152 43 Berge,
632 1252 359 44 Auguste-Charles
1046 1252 60 35 de.
1154 1251 251 46 (1805-1842).
1450 1272 43 4 -

564 1312 670 45 Paysage.
1291 1311 60 35 E.
1351 1311 60 35 F.
1411 1311 100 35 XIXe
1511 1311 80 35 S.
1629 1311 53 45 2e
1682 1311 125 45 étage
1838 1312 13 34 1

183 1371 68 36 443
426 1392 38 3 —
517 1371 148 45 Passage
686 1370 106 35 d'une
818 1370 171 46 diligence
1016 1371 86 33 dans
1123 1382 49 22 un
1193 1372 114 44 bourg
1326 1371 43 33 de
1391 1371 104 34 Basse

563 1431 182 33 Normandie.
745 1431 33 33 ,
778 1431 33 33 ,
877 1431 33 33 ,
1207 1431 33 33 ,
1644 1451 41 3 -
1716 1431 34 33 II

148 1490 103 44 (275)
356 1491 48 34 La
442 1490 102 42 Caze,
580 1490 126 35 Louis.
746 1489 247 46 (1798-1869).
1025 1511 41 2 —
1095 1490 73 34 Son
1204 1482 155 53 portrait,
1394 1490 94 45 peint

562 1561 58 33 par
647 1550 196 41 lui-même,
872 1551 18 31 à
917 1549 87 46 l'âge
1036 1550 43 33 de
1106 1558 43 36 45
1177 1561 62 22 ans
1267 1550 135 34 environ
1547 1550 65 34 I-N

182 1610 70 33 444
350 1609 48 34 La
427 1610 128 41 Fosse,
585 1609 160 35 Charles
774 1609 57 34 de.
860 1608 258 46 (1636-1716).
1157 1630 41 3 —
1237 1609 112 34 Moïse
1389 1610 105 33 sauvé

562 1669 60 33 des
649 1681 209 22 eaux,.,
945 1681 34 22 ,
1048 1681 34 22 ,
1221 1681 34 22 ,
1545 1669 133 34 XVI-N

183 1728 68 33 477
422 1749 40 2 —
518 1728 43 33 Le
589 1728 175 45 triomphe
791 1728 43 34 de
863 1728 488 36 Bacchus"
1408 1728 34 35 S.
1473 1729 156 34 dessins
1664 1728 188 35 Watteau

173 1787 79 43 (16)
352 1788 179 44 Lagneau
572 1797 49 25 ou
663 1788 181 35 Lanneau
873 1788 198 43 (travaillait
1106 1799 43 22 au
1183 1797 313 25 commencement

564 1848 46 32 du
637 1848 118 33 XVIIe
783 1847 133 45 siècle).
948 1868 42 3 —
1019 1848 149 33 Portrait
1195 1848 42 33 de
1273 1848 221 44 Jean-Pierre

564 1907 134 41 Acarie,
727 1907 338 33 conseiller-maître
1098 1908 43 33 de
1168 1907 30 33 la
1226 1907 179 34 Chambre
1433 1908 59 32 des

565 1966 170 45 Comptes
762 1967 43 33 de
834 1966 105 34 Paris.
995 1967 118 33 Dessin
1342 1967 93 35 Coll.
1466 1967 387 35 Arconati-Visconti

184 2025 68 34 448
351 2026 209 43 Lagrenée,
607 2025 447 47 Louis-Jean-François,
1100 2027 49 33 dit
1193 2027 128 34 l'aîné.
1371 2027 125 45 (1724-

569 2084 113 45 1805).
714 2105 40 4 —
786 2085 263 35 L'enlèvement
1076 2087 43 33 de
1147 2086 160 46 Déjanire
1474 2086 107 34 Vest.
1612 2085 34 35 S.
1679 2086 170 35 Bronzes

185 2143 68 35 450
424 2164 40 2 —
519 2144 198 42 Pleureuse,
747 2145 102 33 étude
877 2156 86 34 pour
990 2145 30 34 la
1048 2145 93 34 Mort
1168 2146 42 33 de
1238 2146 30 33 la
1296 2145 134 34 femme
1452 2145 42 33 de

566 2203 138 43 Darius,
733 2204 46 33 du
808 2204 121 34 Musée
956 2204 371 46 d'Angers
1327 2204 165 46 T.
1547 2204 125 35 XVI-S

162 2261 14 15 *
359 2262 207 44 Lagrenée,
603 2264 296 44 Jean-Jacques,
927 2264 48 34 dit
1011 2265 36 34 le
1086 2265 129 45 jeune.
1242 2264 250 45 (17401821).

564 2322 148 43 L'hiver,
735 2334 46 22 ou
797 2323 85 34 Eole
896 2324 210 33 déchaînant
1124 2324 49 33 les
1193 2332 113 25 vents.
1328 2322 162 34 Plafond.
1545 2323 78 35 Gai.
1648 2324 204 44 d'Apollon

186 2381 68 34 452
353 2381 49 34 La
431 2381 116 43 Hyre,
578 2382 172 35 Laurent
777 2383 60 34 de.
867 2382 252 46 (1606-1656).
1150 2404 42 3 —
1234 2382 47 34 La
1308 2382 128 45 Vierge
1464 2391 33 25 et

566 2440 53 46 ]'
619 2440 124 46 Enfant
743 2440 745 46 Jésus.,.
1544 2442 70 33 XII

186 2499 68 35 453
425 2500 40 45 —
465 2500 286 45 L'apparition
778 2502 43 33 de
846 2501 101 45 Jésus
974 2513 66 21 aux
1068 2501 84 34 trois
1179 2501 310 33 Maries.
1544 2501 127 35 XIV-0

187 2559 69 34 454
424 2580 40 2 —
517 2560 95 32 Saint
626 2560 114 33 Pierre
752 2560 190 45 guérissant
942 2560 69 45 les
1011 2560 157 45 malades
1182 2571 83 22 avec
1280 2571 64 22 son
1357 2560 135 33 ombre.
1546 2560 127 34 XIV-E

187 2618 68 33 455
425 2639 39 2 —
517 2619 96 33 Saint
640 2619 116 34 Pierre
784 2621 193 43 guérissant
1005 2620 48 33 les
1080 2619 168 41 malades;
1272 2619 155 45 esquisse
1448 2619 46 33 du

568 2678 134 33 tableau
731 2680 757 43 précédent.
1544 2679 126 35 XIV-0

187 2735 68 34 456
426 2757 38 2 —
520 2736 44 33 La
587 2748 83 32 pape
691 2737 141 34 Nicolas
855 2738 42 43 V,
919 2750 43 21 en
992 2748 100 34 1444,
1115 2749 35 22 se
1172 2737 59 34 fait
1252 2738 118 32 ouvrir
1392 2737 29 33 le
1442 2749 52 22 ca-

568 2806 86 23 veau
681 2796 57 44 qui
765 2797 178 33 contenait
970 2797 30 33 le
1026 2807 100 34 corps
1153 2796 42 34 de
1223 2796 88 34 saint
1334 2797 161 42 François

568 2853 920 36 d'Assise.
1543 2857 132 34 XIV-N
