2236 3481
442 348 59 44 28
784 350 144 52 PARIS,
969 350 157 42 MUSÉE
1159 352 239 41 NATIONAL
1432 364 59 29 DU
1525 351 184 43 LOUVRE

426 492 69 35 286
595 493 119 42 Fiers,
743 492 172 35 Camille.
946 492 248 44 (1802-1868).
1227 514 41 3 —
1298 493 168 46 Paysage.
1509 493 174 34 Environs
1704 494 42 33 de

812 540 293 36 Paris
1105 540 146 36 E.
1251 540 146 36 F.
1397 540 244 36 XIXe
1641 540 197 36 S.
1880 542 36 34 2e
1944 543 113 43 étage
2087 544 14 33 1

598 601 213 44 Fontenay.
842 621 41 3 —
911 600 89 33 Voir
1028 600 97 34 Blain
1153 612 47 22 ou
1228 601 97 34 Belin
1353 601 43 33 de
1427 601 182 45 Fontenay

428 659 68 36 288
597 661 187 43 Fouquet,
812 660 109 35 Jean.
950 660 95 43 (vers
1077 670 87 35 1415
1192 672 46 23 ou
1271 661 113 44 1.120?
1420 681 46 4 —
1502 672 77 22 vers
1629 661 116 43 1480).

814 740 46 4 —
887 720 149 33 Portrait
1051 720 42 33 de
1112 720 203 34 Guillaume
1328 720 150 45 Juvénal
1499 731 46 22 ou
1572 719 173 45 Jouvenel

814 779 61 34 des
896 779 139 43 Ursins,
1063 779 196 35 chancelier
1279 781 43 33 de
1346 780 128 34 France
1495 791 82 22 sous
1599 779 145 34 Charles

814 839 65 34 VII
907 847 33 25 et
968 839 107 34 Louis
1097 839 61 34 XI.
1214 839 527 46 (Attribué!.
1799 840 29 33 X

431 899 68 35 289
672 920 42 3 —
768 899 150 33 Portrait
944 899 43 33 de
1015 898 146 35 Charles
1189 899 78 43 VII,
1297 900 51 34 roi
1375 900 43 33 de
1448 899 290 33 France.
1794 899 30 34 X

404 959 13 15 *
598 959 237 44 Fragonard,
891 959 434 36 Alexandre-Evariste.
1385 958 257 46 (1780-1850).
1703 978 45 4 —

815 1018 172 34 Plafond:
1020 1018 164 43 François
1217 1029 44 23 ier
1294 1019 108 43 reçoit
1441 1019 48 33 les
1516 1018 160 34 tableaux
1716 1026 33 25 et

813 1086 130 26 statues
970 1080 179 43 rapportés
1176 1079 132 34 d'Italie
1337 1091 58 33 par
1421 1079 31 33 le
1479 1078 200 33 Primatice.
1706 1098 41 3 —

814 1138 170 34 Voussures
984 1138 51 34 :
1066 1138 132 35 Génies
1224 1139 177 45 présidant
1437 1149 67 23 aux
1539 1146 80 33 arts,
1661 1137 86 33 dans

814 1198 61 33 des
903 1198 570 34 médaillons.,.
1530 1196 229 44 Céramique
1787 1196 160 44 antique
1977 1196 62 34 IVe
2067 1195 35 35 S.

465 2031 189 62 284
873 2047 157 33 FLANDRIN

1210 2050 65 34 ¿lj3
1798 2034 200 32 FKAÙOSAKD

408 2110 14 15 *
629 2100 234 53 Fragonard,
863 2100 447 53 Alexandre-Evariste.
1322 2098 194 43 (1780-1^50
1590 2093 159 34 Plaionu:

818 2166 161 42 François
992 2164 60 34 ler
1052 2164 90 34 armé
1160 2158 172 36 chevalier
1353 2168 59 33 par
1425 2154 164 46 Bavard.
1589 2154 165 46 Voussu-

812 2236 43 24 res
855 2236 33 24 :
911 2225 132 33 Génies
1060 2221 175 46 présidant
1253 2220 18 31 à
1286 2217 29 33 la
1334 2214 204 35 chevalerie.
1571 2212 223 43 Céramique
1816 2210 160 43 antique
1995 2208 63 34 VIe
2074 2207 32 35 S.

407 2290 13 15 *
671 2307 41 5 —
765 2286 59 34 Six
837 2284 204 41 bas-reliets,
1056 2280 177 48 grisailles:
1246 2278 49 33 les
1308 2277 81 32 Arts
1402 2274 146 33 rendent
1558 2272 192 43 hommage

812 2345 44 22 au
883 2332 198 35 souverain.
1136 2329 157 33 Dessous
1320 2324 41 32 de
1389 2321 175 34 corniche.
1621 2318 133 35 Musée
1778 2317 160 35 Charles
1961 2316 41 41 X,
2031 2314 31 35 S.
2092 2318 15 34 I

411 2397 13 15 *
673 2415 45 4 —
771 2393 85 34 Huit
878 2389 204 42 bas-reliefs,
1106 2386 149 47 grisailles
1255 2386 41 47 :
1338 2381 132 35 Génies
1487 2379 147 34 rendant
1651 2378 100 33 hom-

822 2462 103 34 mage
952 2452 18 31 à
997 2450 91 33 leurs
1115 2448 104 33 dieux
1247 2451 223 38 protecteurs.
1526 2439 156 33 Dessous
1709 2437 42 32 de
1900 2501 45 4 -
1998 2480 32 34 S.
2060 2479 47 33 VI

821 2498 936 35 corniche.
1757 2498 188 35 -
1998 2480 32 34 S.
2060 2479 47 33 VI

412 2563 13 15 *
678 2581 40 4 —
772 2560 101 33 Deux
915 2554 204 42 bas-reliefs,
1156 2551 146 47 grisailles
1302 2551 40 47 :
1418 2547 63 33 Les
1522 2546 109 32 beaux
1650 2564 15 3 -
1684 2552 67 24 arts

820 2617 224 45 témoignent
1093 2614 73 33 leur
1208 2608 288 37 reconnaissance
1547 2615 41 21 au
1640 2602 112 33 Génie

819 2684 196 38 protecteur
1042 2674 57 45 qui
1128 2672 48 33 les
1204 2678 192 25 couronne.
1427 2665 157 33 Dessous
1611 2664 41 31 de
1680 2672 72 22 cor-

820 2736 215 33 niche.
1095 2732 170 41 Passage
1292 2724 218 47 précédent
1536 2723 38 34 la
1602 2721 32 35 S.
1664 2721 68 34 des
1761 2722 88 39 sept
1871 2713 234 39 cheminées.

428 2799 69 35 290
598 2796 239 45 Fragonard,
866 2789 296 40 Jean-Honoré.
1193 2788 245 44 11732-1X0(1).
1476 2802 45 4 -
1559 2782 43 32 Le
1631 2780 122 44 ranJ-

816 2844 112 43 prêtre
964 2841 153 33 Corésus
1147 2850 35 21 se
1210 2834 130 35 sacrifie
1369 2843 86 34 pour
1483 2841 121 23 sauver
1634 2827 119 33 Callir-

814 2891 70 33 hoé
1302 2902 99 20 -
1804 2870 128 34 XVI-N
