2272 3461
954 385 80 43 VII

125 520 298 38 .entrèrent-dans
450 531 62 23 nos
552 519 203 34 collections
786 519 191 41 l'Antiope,
1016 518 30 31 le
1075 517 160 41 Mariage
1261 515 40 32 de
1329 514 288 39 Ste.-Catherine,
1649 512 208 43 VAllégorie

129 579 70 43 -d,es
225 574 123 38 Vertus
373 584 34 28 et
433 580 84 32 celle
544 579 60 32 des
634 579 101 33 Vices
735 579 68 33 du
832 577 157 44 Corrège,
1029 576 30 32 le
1098 576 146 32 Concert
1279 575 192 41 champêtre
1505 574 42 32 de
1584 573 200 44 Giorgione,
1826 572 40 44 la

138 629 90 43 Mise
251 649 55 22 au-
322 639 165 38 tombeau,
519 639 49 32 les
594 639 155 32 Pèlerins
776 630 51 45 di
827 630 155 45 EmmaÜs,
1013 636 30 32 le
1063 636 138 43 Jupiter
1227 637 32 29 et
1283 635 155 41 Antiope
1470 634 46 32 du
1544 632 130 43 Titien,
1713 632 31 32 le
1781 642 77 33 por-

138 696 79 35 trait
242 698 42 32 de
314 698 210 43 Castiglione
550 708 58 32 par
635 696 150 44 Raphaël
825 700 32 29 et
893 695 172 44 plusieurs
1102 694 162 34 Holbein.
1319 693 140 33 Colbert
1494 691 119 43 acquit
1649 702 122 23 encore
1807 691 50 32 les

136 757 148 35 Poussin
310 758 47 31 du
383 758 68 34 duc
486 758 41 32 de
563 756 191 34 Richelieu.
809 757 60 30 Les
905 755 161 33 tableaux
1102 755 46 31 du
1174 753 57 33 Toi
1269 753 116 33 furent
1421 753 88 33 alors
1546 752 120 43 placés
1699 752 88 32 dans
1826 751 31 32 la

139 816 132 39 Galerie
296 816 57 43 du
372 817 128 32 Louvre
528 820 32 29 et
596 816 86 33 dans
718 815 118 33 l'hôtel
875 816 41 32 de
953 815 191 45 Gramont,
1172 817 33 29 et
1226 814 42 31 Le
1296 814 88 31 Brun
1414 802 47 43 en
1483 812 41 33 fit
1560 811 217 33 l'inventaire
1814 821 41 21 en

117 875 28 45 -
145 875 102 45 1683.
296 877 128 41 Quand
453 877 155 35 Houasse
635 875 148 33 succéda
809 877 18 30 à
850 876 41 30 Le
914 875 87 31 Brun
1030 885 41 20 en
1107 872 98 44 1690,
1236 872 21 32 il
1286 873 116 32 dressa
1431 883 46 21 un
1507 871 128 33 nouvel
1665 869 191 35 inventaire

137 934 44 48 de
198 935 98 44 prise
323 946 40 22 en
393 936 101 44 charge
494 936 44 44 :
568 937 184 40 beaucoup
779 935 42 32 de
849 934 176 43 peintures
1053 933 138 33 avaient
1218 932 53 33 été
1298 932 60 32 dès
1385 932 68 33 lors
1480 930 232 44 transportées
1739 933 20 29 à
1778 930 80 33 Ver-

107 1018 10 4 -
140 994 125 42 sàilles,
294 992 150 36 Trianon
472 1006 44 22 ou
545 995 121 43 Marly,
697 1005 136 22 comme
862 1004 89 22 nous
977 992 179 44 l'apprend
1183 993 32 31 la
1242 992 78 32 liste
1348 1001 67 32 que
1431 986 57 50 fit
1513 990 121 34 Paillet
1671 1001 41 22 en
1756 989 116 43 1695..

139 1054 99 36 Enfin
264 1054 138 34 Nicolas
429 1041 107 57 Bailly
564 1054 137 45 rédigea
739 1065 41 21 en
826 1063 84 33 1709
938 1056 33 30 et
1004 1062 85 33 1710
1117 1064 46 21 un
1203 1051 192 33 Inventaire
1432 1048 151 48 général,
1621 1050 46 34 où
1704 1050 155 44 figurent

143 1113 87 44 1478
256 1114 173 33 tableaux.
457 1116 46 30 M.
523 1115 34 31 F.
588 1114 180 44 Engerand
796 1124 18 21 a
842 1112 119 44 publié
989 1115 53 30 cet
1070 1111 192 33 Inventaire
1289 1111 84 32 chez
1394 1112 122 32 Leroux
1516 1112 70 32 en
1619 1109 86 44 1899
1734 1113 33 29 et
1794 1120 62 22 son

116 1183 31 35 -
147 1183 142 35 ouvrage
308 1177 129 29 restera
465 1174 31 31 la
522 1175 82 31 base
631 1173 261 33 fondamentale
920 1172 41 33 de
988 1176 80 29 tout
1093 1172 192 44 Catalogue
1313 1171 47 32 du
1388 1169 119 34 Musée
1534 1171 46 32 du
1616 1170 142 33 Louvre.

280 1235 52 31 Au
360 1233 120 31 XVIIIe
507 1232 113 42 siècle,
650 1233 49 31 les
727 1231 209 34 collections'
959 1231 209 33 s'accrurent
1206 1235 138 29 surtout
1380 1241 58 32 par
1473 1231 50 31 les
1560 1229 228 34 commandes
1825 1233 34 29 et

134 1292 54 32 Les
198 1291 6 2 -
214 1291 229 44 acquisitions
471 1292 98 33 faites
596 1303 65 22 aux
687 1292 135 33 artistes
849 1291 159 33 vivants:
1038 1291 49 32 les
1114 1291 42 32 de
1182 1290 105 44 Troy,
1315 1291 51 31 les
1393 1291 73 31 Van
1505 1290 80 41 Loo,
1624 1290 49 31 les
1709 1289 145 43 Coypel,

139 1351 165 42 Bôucher,
334 1351 193 43 Desportes,
563 1352 134 42 Oudry,
734 1350 142 42 Nattier,
910 1350 128 43 Joseph
1074 1351 126 32 Vernet
1236 1352 182 31 etc.
1475 1349 26 32 Il
1535 1360 89 22 nous
1651 1349 76 32 faut
1757 1359 102 32 pour-

132 1410 86 45 tant
218 1410 192 45 signaler:
441 1421 81 23 sous
549 1411 30 32 le
607 1411 103 44 règne
737 1411 42 32 de
808 1410 102 33 Louis
937 1411 72 40 XV,
1039 1411 49 32 les
1114 1409 102 45 vingt
1243 1409 81 42 cinq
1350 1409 163 41 tableaux
1540 1408 121 42 acquis
1695 1420 42 20 en
1772 1418 84 32 1742

138 1470 76 34 àila
240 1474 103 30 vente
370 1470 46 43 du
445 1470 115 43 prince
587 1471 41 32 de
655 1470 185 45 Carignan,
870 1469 45 34 où
943 1469 208 45 figuraient:
1180 1470 32 31 la
1243 1468 123 43 Vierge
1391 1480 46 21 au
1462 1470 89 31 voile
1572 1469 41 32 de
1635 1468 167 43 Raphaël,
1826 1469 31 31 la

123 1515 141 57 -Vierge
288 1541 45 22 au
358 1530 133 32 coussin
518 1532 74 31 vert
617 1529 170 33 d'Andrea
814 1529 157 43 Solario,
995 1530 127 41 l'Ange
1156 1518 156 53 Raphaël
1347 1529 153 43 quittant
1542 1528 100 33 Tobie
1677 1529 42 31 de
1756 1529 103 31 Rem-

133 1589 142 42 brandt,
304 1588 32 33 la
362 1590 98 32 Fuite
485 1589 41 32 de
546 1589 89 33 -Loth
662 1593 32 29 et
721 1589 30 32 le
785 1588 152 34 Tournoi
962 1589 41 32 de
1031 1589 155 41 Rubens,
1216 1592 45 38 et,
1299 1599 81 22 sous
1416 1587 104 34 Louis
1556 1588 86 41 XVI,
1682 1587 177 42 l'acquisi-

137 1648 84 34 tion-
240 1648 41 33 de
308 1649 32 32 la
370 1649 63 31 Vie
459 1648 41 33 de
526 1649 52 32 St.
608 1649 118 33 Bruno
754 1659 58 33 par
840 1649 40 31 Le
908 1649 127 40 Sueur,
1060 1648 86 32 ainsi
1175 1657 67 32 que
1276 1648 42 32 de
1354 1648 31 32 la
1422 1646 198 35 décoration
1658 1648 42 32 de
1736 1647 120 33 l'hôtel

139 1708 159 36 Lambert
325 1711 59 41 par
410 1707 30 32 le
469 1709 112 31 même
609 1708 127 33 artiste.
791 1709 45 32 Ce
863 1708 54 33 fut
944 1719 82 22 sous
1053 1719 37 22 ce
1118 1707 133 33 dernier
1278 1708 116 44 règne,
1420 1708 138 41 lQrsque
1583 1707 33 32 le
1638 1707 221 45 Cte-d'Angi-

111 1767 125 34 viîler
267 1767 78 44 prit,
384 1779 41 21 en
472 1777 97 34 1775,
612 1768 30 32 la
676 1767 173 34 Direction
889 1768 60 32 des
988 1767 203 42 Bâtiments,
1233 1778 68 31 que
1342 1766 240 34 s'enrichirent
1620 1767 31 31 le
1691 1767 80 42 plus
1809 1768 49 31 les

139 1826 204 34 collections
343 1826 69 34 en
441 1837 37 22 ce
505 1826 58 43 qui
592 1838 168 22 concerne
787 1827 48 33 les
864 1827 118 33 Ecoles
1009 1827 41 32 de
1072 1826 158 44 peinture
1252 1826 300 44 septentrionales.
1608 1827 42 31 Le
1675 1827 141 33 Charles
1843 1827 17 32 I

139 1886 41 33 de
206 1885 74 34 Van
308 1887 99 42 Dyck
433 1886 54 34 fut
513 1887 116 32 vendu
657 1898 42 21 au
728 1887 46 33 roi
804 1897 58 33 par
889 1888 81 32 Mme
997 1879 52 51 du
1049 1879 122 51 Barry
1199 1896 41 23 en
1274 1896 99 34 1775.
1430 1886 79 33 Puis
1536 1890 122 29 eurent
1683 1886 93 33 lieu:
1816 1898 40 20 en

145 1953 84 37 1777
259 1946 31 32 la
311 1949 107 31 vente
445 1941 60 37 des
527 1945 149 42 Jésuites
703 1957 41 21 en
773 1946 155 37 Flandre,
960 1946 30 32 la
1016 1949 103 30 vente
1148 1946 141 33 Blondel
1319 1945 209 34 Dazincourt
1555 1957 41 21 en
1632 1946 99 43 1783,
1761 1950 33 29 et
1827 1946 31 32 la

139 2008 104 30 ven-te
268 2005 48 32 du
343 2004 55 33 Cte
424 2006 42 32 de
492 2005 186 33 Vaudreuil
707 2016 41 21 en
784 2006 97 42 1784.
915 2008 26 30 A
968 2006 30 32 la
1027 2005 165 43 première
1219 2006 55 32 fut
1301 2005 134 42 acquis,
1466 2009 94 29 entre
1588 2009 126 37 autres,
1736 2000 123 38 l'Ado-

139 2057 117 42 ration
281 2064 58 32 des
365 2064 119 42 Mages
510 2065 42 32 de
573 2065 154 41 Rubens,
751 2068 19 29 à
798 2065 29 32 la
856 2064 149 33 seconde
1032 2065 60 32 des
1119 2065 142 33 Teniers
1288 2069 34 29 et
1347 2065 61 32 des
1434 2066 128 41 Metsu,
1586 2068 18 29 à
1632 2065 30 32 la
1690 2065 166 33 dernière:

140 2123 31 33 le
196 2122 142 44 portrait
363 2123 167 33 d'Hélène
555 2125 186 32 Fourment
768 2135 58 32 par
853 2126 155 40 Rubens,
1048 2125 238 43 l'Hendrickje
1322 2126 142 42 Stoffels
1491 2128 33 29 et
1556 2125 49 31 les
1639 2125 220 42 Philosophes

140 2182 42 33 de
207 2173 215 43 Rembrandt
449 2187 164 29 etc.
645 2183 187 45 L'ouvrage
860 2184 124 43 capital
1013 2187 19 29 à
1060 2185 176 32 consulter
1264 2196 56 20 sur
1348 2188 88 29 cette
1464 2184 138 43 période
1630 2188 52 29 est
1709 2185 152 32 l'Inven-

135 2242 93 44 taire
253 2241 57 33 des
337 2242 163 33 tableaux
524 2243 214 32 commandés
764 2246 32 30 et
820 2244 130 32 achetés
971 2249 69 37 par
1067 2246 36 30 la
1128 2245 179 31 Direction
1334 2244 57 32 des
1422 2243 192 33 Bâtiments
1649 2244 47 31 du
1730 2245 55 31 roi
1818 2244 41 31 de

144 2300 85 46 ijoç
229 2300 51 46 à
309 2310 100 34 1792,
440 2301 118 42 publié
587 2312 42 22 en
665 2312 86 32 1900
779 2303 83 32 chez
890 2304 128 32 Leroux
1044 2313 60 33 par
1130 2304 46 31 M:
1206 2304 35 31 F.
1279 2303 193 44 Engerand.

282 2360 160 42 Lorsque,
473 2361 30 31 le
531 2370 41 33 27
596 2361 120 41 Juillet
748 2371 98 34 1793,
876 2363 31 31 la
934 2362 221 33 Convention
1174 2362 182 33 Nationale
1377 2362 134 33 décréta
1542 2363 30 31 la
1594 2362 151 33 création
1773 2362 83 33 d'un

137 2419 178 42 Muséum,
345 2419 64 33 elle
437 2430 41 23 ne
506 2419 40 34 fit
584 2431 68 30 que
692 2422 179 42 reprendre
908 2432 68 22 une
1016 2421 86 41 idée,
1133 2432 67 31 que
1241 2422 30 31 le
1311 2422 54 32 (te
1410 2421 228 45 d'Angiviller
1676 2422 94 34 avait
1796 2434 62 21 eue

140 2477 78 46 déjà
246 2477 87 35 mais
360 2478 128 34 n'avait
515 2490 45 31 pu
598 2479 145 33 réaliser.
817 2480 47 33 En
902 2480 194 34 Novembre
1143 2490 82 34 1793
1268 2481 144 33 s'ouvrit
1438 2480 232 44 l'exposition
1710 2482 42 33 de
1792 2491 64 34 537

140 2537 161 33 tableaux
327 2538 88 32 dans
441 2538 32 33 la
500 2538 125 44 galerie
664 2538 198 44 d'Apollon,
905 2540 30 32 le
963 2540 102 33 Salon
1106 2540 98 32 Carré
1244 2544 33 29 et
1316 2551 68 22 une
1424 2540 107 44 partie
1570 2541 42 32 de
1652 2541 32 32 la
1722 2541 137 33 Grande

142 2596 143 33 Galerie.
339 2596 86 33 Mais
452 2598 49 31 les
528 2598 80 42 plus
633 2599 112 32 beaux
771 2599 162 33 tableaux
959 2600 46 32 du
1036 2599 45 33 roi
1110 2599 60 43 n'y
1198 2599 188 45 figuraient
1421 2610 61 33 pas
1516 2603 33 30 et
1585 2611 34 21 se
1662 2600 197 34 trouvaient

142 2651 120 55 encore
287 2658 19 30 à
332 2656 193 42 Versailles,
555 2657 87 33 dont
669 2658 31 32 la
729 2657 242 44 municipalité
1000 2657 191 44 s'opposait
1217 2662 18 29 à
1263 2659 73 32 leur
1362 2659 131 43 départ.
1549 2660 53 32 On
1633 2671 42 21 ne
1710 2663 65 41 put
1809 2660 50 32 les

142 2714 178 42 reprendre
347 2714 103 42 qu'en
479 2714 67 33 l'an
574 2716 40 41 V,
644 2716 176 42 lorsqu'on
849 2717 74 33 créa
960 2720 17 29 à
1015 2717 193 42 Versailles,
1250 2721 18 29 à
1308 2718 77 33 titre
1424 2718 42 33 de
1505 2719 279 43 compensation,
1828 2720 42 32 le-

143 2772 117 33 Musée
286 2773 132 43 Spécial
446 2774 41 32 de
514 2774 125 33 l'Ecole
667 2776 189 43 Française.
897 2776 82 46 Déjà
1008 2776 288 34 s'accumulaient
1324 2778 87 32 dans
1438 2778 49 33 les
1508 2778 124 44 dépôts
1653 2779 49 33 les
1722 2786 136 37 oeuvres

142 2831 85 34 d'art
259 2836 192 39 provenant
488 2834 61 31 des
592 2839 181 38 couvents,
797 2836 60 32 des
897 2835 138 45 églises,
1075 2836 60 32 des
1174 2836 194 35 résidences
1407 2838 146 43 royales,
1595 2838 61 33 des
1695 2838 160 45 émigrés,

142 2891 86 33 ainsi
257 2902 67 31 que
351 2892 60 32 des
438 2892 106 43 prises
571 2893 178 33 exécutées
775 2897 17 29 à
820 2895 31 31 la
880 2895 89 32 suite
995 2896 61 32 des
1076 2897 192 40 conquêtes
1294 2897 42 31 de
1359 2896 164 45 Belgique
1548 2902 34 28 et
1607 2898 41 31 de
1672 2898 182 32 Hollande.
