<?xml version="1.0" encoding="UTF8" standalone="no"?>
<alto xmlns="http://bibnum.bnf.fr/ns/alto_prod" xmlns:xlink="http://www.w3.org/TR/xlink" xmlns:xsi="http://www.w3.org/2001/XMLSchema-instance" ID="alto.6477124" xsi:schemaLocation="http://bibnum.bnf.fr/ns/alto_prod http://bibnum.bnf.fr/ns/alto_prod.xsd">
  <Description>
    <MeasurementUnit>pixel</MeasurementUnit>
    <sourceImageInformation>
      <fileName>00000025.tif</fileName>
    </sourceImageInformation>
    <OCRProcessing ID="OCR_1">
      <ocrProcessingStep>
        <processingDateTime>2013-01-22</processingDateTime>
        <processingStepDescription>[001_OCR_BRUT]OCR BRUT 96.380 %</processingStepDescription>
        <processingStepDescription>[002_TOTAL_CHARS]{1029}</processingStepDescription>
        <processingStepDescription>[003_TOTAL_CHARS_USED]{44}</processingStepDescription>
        <processingStepDescription>[004_TOTAL_CHARS_SUSPECTS_USED]{0}</processingStepDescription>
        <processingStepDescription>[005_TOTAL_CHARS_UNUSED]{985}</processingStepDescription>
        <processingStepDescription>[006_TOTAL_CHARS_SUSPECTS_UNUSED]{2}</processingStepDescription>
        <processingStepDescription>[007_TOTAL_STRINGS]{216}</processingStepDescription>
        <processingStepDescription>[011_CHARS_PUNCTUATION]{99}</processingStepDescription>
        <processingStepDescription>[012_CHARS_DIGITS]{89}</processingStepDescription>
        <processingStepDescription>[013_CHARS_SUSPECT]{2}</processingStepDescription>
        <processingStepDescription>[022_CHARS_UNUSED_BY_BLOCK]{0}</processingStepDescription>
        <processingStepDescription>[111_LIGS_DETECTED_CURV]{0}</processingStepDescription>
        <processingStepSettings>OCR 96.380 %</processingStepSettings>
      </ocrProcessingStep>
    </OCRProcessing>
  </Description>
  <Styles>
    <TextStyle FONTFAMILY="Times" FONTSIZE="12" ID="TXT_1"/>
  </Styles>
  <Layout>
    <Page HEIGHT="3476" ID="PAG_00000025" PHYSICAL_IMG_NR="1" QUALITY="OK" WIDTH="2267">
    <TopMargin HEIGHT="480" HPOS="0" ID="PAG_00000025_TopMargin" VPOS="0" WIDTH="2267">
    <TextBlock HEIGHT="56" HPOS="418" ID="PAG_00000025_TB000001" STYLEREFS="TXT_1" VPOS="349" WIDTH="1270" language="fr">
      <TextLine HEIGHT="56" HPOS="418" ID="PAG_00000025_TL000001" STYLEREFS="TXT_1" VPOS="349" WIDTH="1270">
        <String CONTENT="4" HEIGHT="43" HPOS="418" ID="PAG_00000025_ST000001" STYLEREFS="TXT_1" VPOS="349" WC="1" WIDTH="30"/>
        <SP HPOS="448" ID="PAG_00000025_SP000001" VPOS="352" WIDTH="315"/>
        <String CONTENT="PARIS," HEIGHT="53" HPOS="763" ID="PAG_00000025_ST000002" STYLEREFS="TXT_1" VPOS="352" WC="1" WIDTH="144"/>
        <SP HPOS="907" ID="PAG_00000025_SP000002" VPOS="353" WIDTH="37"/>
        <String CONTENT="MUSÉE" HEIGHT="43" HPOS="944" ID="PAG_00000025_ST000003" STYLEREFS="TXT_1" VPOS="353" WC="1" WIDTH="158"/>
        <SP HPOS="1102" ID="PAG_00000025_SP000003" VPOS="355" WIDTH="32"/>
        <String CONTENT="NATIONAL" HEIGHT="43" HPOS="1134" ID="PAG_00000025_ST000004" STYLEREFS="TXT_1" VPOS="355" WC="1" WIDTH="240"/>
        <SP HPOS="1374" ID="PAG_00000025_SP000004" VPOS="370" WIDTH="34"/>
        <String CONTENT="DU" HEIGHT="29" HPOS="1408" ID="PAG_00000025_ST000005" STYLEREFS="TXT_1" VPOS="370" WC="1" WIDTH="60"/>
        <SP HPOS="1468" ID="PAG_00000025_SP000005" VPOS="357" WIDTH="35"/>
        <String CONTENT="LOUVRE" HEIGHT="43" HPOS="1503" ID="PAG_00000025_ST000006" STYLEREFS="TXT_1" VPOS="357" WC="1" WIDTH="185"/>
      </TextLine>
    </TextBlock>
    </TopMargin>
    <PrintSpace HEIGHT="2425" HPOS="384" ID="PAG_00000025_PrintSpace" VPOS="480" WIDTH="1702">
    <TextBlock HEIGHT="888" HPOS="384" ID="PAG_00000025_TB000002" STYLEREFS="TXT_1" TYPE="table" VPOS="480" WIDTH="1702" language="fr">
      <TextLine HEIGHT="51" HPOS="429" ID="PAG_00000025_TL000002" STYLEREFS="TXT_1" VPOS="480" WIDTH="1300">
        <String CONTENT="28" HEIGHT="35" HPOS="429" ID="PAG_00000025_ST000007" STYLEREFS="TXT_1" VPOS="480" WC="1" WIDTH="45"/>
        <SP HPOS="474" ID="PAG_00000025_SP000006" VPOS="481" WIDTH="101"/>
        <String CONTENT="Boilly," HEIGHT="46" HPOS="575" ID="PAG_00000025_ST000008" STYLEREFS="TXT_1" VPOS="481" WC="1" WIDTH="136"/>
        <SP HPOS="711" ID="PAG_00000025_SP000007" VPOS="482" WIDTH="30"/>
        <String CONTENT="Louis-Léopold." HEIGHT="46" HPOS="741" ID="PAG_00000025_ST000009" STYLEREFS="TXT_1" VPOS="482" WC="1" WIDTH="320"/>
        <SP HPOS="1061" ID="PAG_00000025_SP000008" VPOS="484" WIDTH="29"/>
        <String CONTENT="(1761-1845)." HEIGHT="47" HPOS="1090" ID="PAG_00000025_ST000010" STYLEREFS="TXT_1" VPOS="484" WC="0.99" WIDTH="245"/>
        <SP HPOS="1335" ID="PAG_00000025_SP000009" VPOS="507" WIDTH="32"/>
        <String CONTENT="&#8212;" HEIGHT="4" HPOS="1367" ID="PAG_00000025_ST000011" STYLEREFS="TXT_1" VPOS="507" WC="0.66" WIDTH="41"/>
        <SP HPOS="1408" ID="PAG_00000025_SP000010" VPOS="486" WIDTH="24"/>
        <String CONTENT="L'arrivée" HEIGHT="35" HPOS="1432" ID="PAG_00000025_ST000012" STYLEREFS="TXT_1" VPOS="486" WC="1" WIDTH="172"/>
        <SP HPOS="1604" ID="PAG_00000025_SP000011" VPOS="487" WIDTH="19"/>
        <String CONTENT="d'une" HEIGHT="35" HPOS="1623" ID="PAG_00000025_ST000013" STYLEREFS="TXT_1" VPOS="487" WC="1" WIDTH="106"/>
      </TextLine>
      <TextLine HEIGHT="49" HPOS="791" ID="PAG_00000025_TL000003" STYLEREFS="TXT_1" VPOS="543" WIDTH="1121">
        <String CONTENT="diligence" HEIGHT="45" HPOS="791" ID="PAG_00000025_ST000014" STYLEREFS="TXT_1" VPOS="543" WC="1" WIDTH="172"/>
        <SP HPOS="963" ID="PAG_00000025_SP000012" VPOS="544" WIDTH="21"/>
        <String CONTENT="dans" HEIGHT="34" HPOS="984" ID="PAG_00000025_ST000015" STYLEREFS="TXT_1" VPOS="544" WC="1" WIDTH="87"/>
        <SP HPOS="1071" ID="PAG_00000025_SP000013" VPOS="544" WIDTH="20"/>
        <String CONTENT="la" HEIGHT="34" HPOS="1091" ID="PAG_00000025_ST000016" STYLEREFS="TXT_1" VPOS="544" WC="1" WIDTH="30"/>
        <SP HPOS="1121" ID="PAG_00000025_SP000014" VPOS="556" WIDTH="21"/>
        <String CONTENT="cour" HEIGHT="23" HPOS="1142" ID="PAG_00000025_ST000017" STYLEREFS="TXT_1" VPOS="556" WC="1" WIDTH="85"/>
        <SP HPOS="1227" ID="PAG_00000025_SP000015" VPOS="546" WIDTH="17"/>
        <String CONTENT="des" HEIGHT="33" HPOS="1244" ID="PAG_00000025_ST000018" STYLEREFS="TXT_1" VPOS="546" WC="1" WIDTH="61"/>
        <SP HPOS="1305" ID="PAG_00000025_SP000016" VPOS="546" WIDTH="28"/>
        <String CONTENT="Messageries" HEIGHT="46" HPOS="1333" ID="PAG_00000025_ST000019" STYLEREFS="TXT_1" VPOS="546" WC="1" WIDTH="229"/>
        <SP HPOS="1562" ID="PAG_00000025_SP000017" VPOS="549" WIDTH="18"/>
        <String CONTENT="à" HEIGHT="31" HPOS="1580" ID="PAG_00000025_ST000020" STYLEREFS="TXT_1" VPOS="549" WC="1" WIDTH="19"/>
        <SP HPOS="1599" ID="PAG_00000025_SP000018" VPOS="547" WIDTH="21"/>
        <String CONTENT="Paris." HEIGHT="34" HPOS="1620" ID="PAG_00000025_ST000021" STYLEREFS="TXT_1" VPOS="547" WC="1" WIDTH="107"/>
        <SP HPOS="1727" ID="PAG_00000025_SP000019" VPOS="549" WIDTH="54"/>
        <String CONTENT="XVI-N" HEIGHT="34" HPOS="1781" ID="PAG_00000025_ST000022" STYLEREFS="TXT_1" VPOS="549" WC="1" WIDTH="131"/>
      </TextLine>
      <TextLine HEIGHT="50" HPOS="433" ID="PAG_00000025_TL000004" STYLEREFS="TXT_1" VPOS="600" WIDTH="1472">
        <String CONTENT="28" HEIGHT="35" HPOS="433" ID="PAG_00000025_ST000023" STYLEREFS="TXT_1" VPOS="600" WC="1" WIDTH="44"/>
        <SP HPOS="477" ID="PAG_00000025_SP000020" VPOS="611" WIDTH="27"/>
        <String CONTENT="a" HEIGHT="23" HPOS="504" ID="PAG_00000025_ST000024" STYLEREFS="TXT_1" VPOS="611" WC="1" WIDTH="20"/>
        <SP HPOS="524" ID="PAG_00000025_SP000021" VPOS="622" WIDTH="137"/>
        <String CONTENT="&#8212;" HEIGHT="4" HPOS="661" ID="PAG_00000025_ST000025" STYLEREFS="TXT_1" VPOS="622" WC="0.66" WIDTH="45"/>
        <SP HPOS="706" ID="PAG_00000025_SP000022" VPOS="602" WIDTH="53"/>
        <String CONTENT="Les" HEIGHT="34" HPOS="759" ID="PAG_00000025_ST000026" STYLEREFS="TXT_1" VPOS="602" WC="1" WIDTH="65"/>
        <SP HPOS="824" ID="PAG_00000025_SP000023" VPOS="612" WIDTH="26"/>
        <String CONTENT="amateurs" HEIGHT="26" HPOS="850" ID="PAG_00000025_ST000027" STYLEREFS="TXT_1" VPOS="612" WC="1" WIDTH="178"/>
        <SP HPOS="1028" ID="PAG_00000025_SP000024" VPOS="604" WIDTH="27"/>
        <String CONTENT="d'estampes." HEIGHT="46" HPOS="1055" ID="PAG_00000025_ST000028" STYLEREFS="TXT_1" VPOS="604" WC="0.91" WIDTH="403"/>
        <SP HPOS="1458" ID="PAG_00000025_SP000025" VPOS="604" WIDTH="1"/>
        <String CONTENT="," HEIGHT="46" HPOS="1458" ID="PAG_00000025_ST000029" STYLEREFS="TXT_1" VPOS="604" WC="0.91" WIDTH="40"/>
        <SP HPOS="1498" ID="PAG_00000025_SP000026" VPOS="604" WIDTH="58"/>
        <String CONTENT="XVI-E" HEIGHT="35" HPOS="1778" ID="PAG_00000025_ST000030" STYLEREFS="TXT_1" VPOS="608" WC="1" WIDTH="127"/>
      </TextLine>
      <TextLine HEIGHT="52" HPOS="384" ID="PAG_00000025_TL000005" STYLEREFS="TXT_1" VPOS="660" WIDTH="1528">
        <String CONTENT="S." HEIGHT="35" HPOS="384" ID="PAG_00000025_ST000031" STYLEREFS="TXT_1" VPOS="660" WC="1" WIDTH="35"/>
        <SP HPOS="419" ID="PAG_00000025_SP000027" VPOS="661" WIDTH="30"/>
        <String CONTENT="N°" HEIGHT="33" HPOS="449" ID="PAG_00000025_ST000032" STYLEREFS="TXT_1" VPOS="661" WC="0.99" WIDTH="51"/>
        <SP HPOS="500" ID="PAG_00000025_SP000028" VPOS="682" WIDTH="164"/>
        <String CONTENT="&#8212;" HEIGHT="3" HPOS="664" ID="PAG_00000025_ST000033" STYLEREFS="TXT_1" VPOS="682" WC="0.66" WIDTH="41"/>
        <SP HPOS="705" ID="PAG_00000025_SP000029" VPOS="662" WIDTH="53"/>
        <String CONTENT="Réunion" HEIGHT="34" HPOS="758" ID="PAG_00000025_ST000034" STYLEREFS="TXT_1" VPOS="662" WC="1" WIDTH="167"/>
        <SP HPOS="925" ID="PAG_00000025_SP000030" VPOS="663" WIDTH="28"/>
        <String CONTENT="d'artistes" HEIGHT="35" HPOS="953" ID="PAG_00000025_ST000035" STYLEREFS="TXT_1" VPOS="663" WC="1" WIDTH="172"/>
        <SP HPOS="1125" ID="PAG_00000025_SP000031" VPOS="665" WIDTH="26"/>
        <String CONTENT="dans" HEIGHT="34" HPOS="1151" ID="PAG_00000025_ST000036" STYLEREFS="TXT_1" VPOS="665" WC="1" WIDTH="87"/>
        <SP HPOS="1238" ID="PAG_00000025_SP000032" VPOS="665" WIDTH="27"/>
        <String CONTENT="l'atelier" HEIGHT="34" HPOS="1265" ID="PAG_00000025_ST000037" STYLEREFS="TXT_1" VPOS="665" WC="1" WIDTH="143"/>
        <SP HPOS="1408" ID="PAG_00000025_SP000033" VPOS="665" WIDTH="26"/>
        <String CONTENT="d'Isabey" HEIGHT="47" HPOS="1434" ID="PAG_00000025_ST000038" STYLEREFS="TXT_1" VPOS="665" WC="0.96" WIDTH="162"/>
        <SP HPOS="1596" ID="PAG_00000025_SP000034" VPOS="665" WIDTH="59"/>
        <String CONTENT="XVI-N" HEIGHT="34" HPOS="1782" ID="PAG_00000025_ST000039" STYLEREFS="TXT_1" VPOS="668" WC="1" WIDTH="130"/>
      </TextLine>
      <TextLine HEIGHT="50" HPOS="384" ID="PAG_00000025_TL000006" STYLEREFS="TXT_1" VPOS="721" WIDTH="1592">
        <String CONTENT="S." HEIGHT="34" HPOS="384" ID="PAG_00000025_ST000040" STYLEREFS="TXT_1" VPOS="721" WC="1" WIDTH="33"/>
        <SP HPOS="417" ID="PAG_00000025_SP000035" VPOS="721" WIDTH="28"/>
        <String CONTENT="N°" HEIGHT="35" HPOS="445" ID="PAG_00000025_ST000041" STYLEREFS="TXT_1" VPOS="721" WC="0.99" WIDTH="53"/>
        <SP HPOS="498" ID="PAG_00000025_SP000036" VPOS="721" WIDTH="76"/>
        <String CONTENT="Bonheur," HEIGHT="44" HPOS="574" ID="PAG_00000025_ST000042" STYLEREFS="TXT_1" VPOS="721" WC="1" WIDTH="196"/>
        <SP HPOS="770" ID="PAG_00000025_SP000037" VPOS="722" WIDTH="29"/>
        <String CONTENT="Rosa." HEIGHT="35" HPOS="799" ID="PAG_00000025_ST000043" STYLEREFS="TXT_1" VPOS="722" WC="1" WIDTH="113"/>
        <SP HPOS="912" ID="PAG_00000025_SP000038" VPOS="722" WIDTH="31"/>
        <String CONTENT="(1822-1899)." HEIGHT="48" HPOS="943" ID="PAG_00000025_ST000044" STYLEREFS="TXT_1" VPOS="722" WC="1" WIDTH="246"/>
        <SP HPOS="1189" ID="PAG_00000025_SP000039" VPOS="745" WIDTH="31"/>
        <String CONTENT="&#8212;" HEIGHT="4" HPOS="1220" ID="PAG_00000025_ST000045" STYLEREFS="TXT_1" VPOS="745" WC="0.66" WIDTH="42"/>
        <SP HPOS="1262" ID="PAG_00000025_SP000040" VPOS="725" WIDTH="29"/>
        <String CONTENT="Labourage" HEIGHT="46" HPOS="1291" ID="PAG_00000025_ST000046" STYLEREFS="TXT_1" VPOS="725" WC="1" WIDTH="205"/>
        <SP HPOS="1496" ID="PAG_00000025_SP000041" VPOS="726" WIDTH="34"/>
        <String CONTENT="nivernais." HEIGHT="35" HPOS="1530" ID="PAG_00000025_ST000047" STYLEREFS="TXT_1" VPOS="726" WC="1" WIDTH="192"/>
        <SP HPOS="1722" ID="PAG_00000025_SP000042" VPOS="728" WIDTH="61"/>
        <String CONTENT="Marine" HEIGHT="35" HPOS="1783" ID="PAG_00000025_ST000048" STYLEREFS="TXT_1" VPOS="728" WC="1" WIDTH="149"/>
        <SP HPOS="1932" ID="PAG_00000025_SP000043" VPOS="729" WIDTH="29"/>
        <String CONTENT="1" HEIGHT="33" HPOS="1961" ID="PAG_00000025_ST000049" STYLEREFS="TXT_1" VPOS="729" WC="0.68" WIDTH="15"/>
      </TextLine>
      <TextLine HEIGHT="49" HPOS="384" ID="PAG_00000025_TL000007" STYLEREFS="TXT_1" VPOS="781" WIDTH="1344">
        <String CONTENT="S." HEIGHT="34" HPOS="384" ID="PAG_00000025_ST000050" STYLEREFS="TXT_1" VPOS="781" WC="1" WIDTH="35"/>
        <SP HPOS="419" ID="PAG_00000025_SP000044" VPOS="781" WIDTH="30"/>
        <String CONTENT="N°" HEIGHT="35" HPOS="449" ID="PAG_00000025_ST000051" STYLEREFS="TXT_1" VPOS="781" WC="0.99" WIDTH="52"/>
        <SP HPOS="501" ID="PAG_00000025_SP000045" VPOS="781" WIDTH="77"/>
        <String CONTENT="Borowikoffsky," HEIGHT="46" HPOS="578" ID="PAG_00000025_ST000052" STYLEREFS="TXT_1" VPOS="781" WC="1" WIDTH="332"/>
        <SP HPOS="910" ID="PAG_00000025_SP000046" VPOS="783" WIDTH="28"/>
        <String CONTENT="Wladimir." HEIGHT="35" HPOS="938" ID="PAG_00000025_ST000053" STYLEREFS="TXT_1" VPOS="783" WC="1" WIDTH="217"/>
        <SP HPOS="1155" ID="PAG_00000025_SP000047" VPOS="783" WIDTH="26"/>
        <String CONTENT="(1757-1825)." HEIGHT="47" HPOS="1181" ID="PAG_00000025_ST000054" STYLEREFS="TXT_1" VPOS="783" WC="1" WIDTH="244"/>
        <SP HPOS="1425" ID="PAG_00000025_SP000048" VPOS="805" WIDTH="23"/>
        <String CONTENT="&#8212;" HEIGHT="4" HPOS="1448" ID="PAG_00000025_ST000055" STYLEREFS="TXT_1" VPOS="805" WC="0.66" WIDTH="42"/>
        <SP HPOS="1490" ID="PAG_00000025_SP000049" VPOS="786" WIDTH="25"/>
        <String CONTENT="Portrait" HEIGHT="34" HPOS="1515" ID="PAG_00000025_ST000056" STYLEREFS="TXT_1" VPOS="786" WC="1" WIDTH="149"/>
        <SP HPOS="1664" ID="PAG_00000025_SP000050" VPOS="787" WIDTH="22"/>
        <String CONTENT="de" HEIGHT="33" HPOS="1686" ID="PAG_00000025_ST000057" STYLEREFS="TXT_1" VPOS="787" WC="1" WIDTH="42"/>
      </TextLine>
      <TextLine HEIGHT="49" HPOS="790" ID="PAG_00000025_TL000008" STYLEREFS="TXT_1" VPOS="842" WIDTH="1089">
        <String CONTENT="l'impératrice" HEIGHT="45" HPOS="790" ID="PAG_00000025_ST000058" STYLEREFS="TXT_1" VPOS="842" WC="1" WIDTH="244"/>
        <SP HPOS="1034" ID="PAG_00000025_SP000051" VPOS="843" WIDTH="42"/>
        <String CONTENT="Elisabeth" HEIGHT="35" HPOS="1076" ID="PAG_00000025_ST000059" STYLEREFS="TXT_1" VPOS="843" WC="1" WIDTH="177"/>
        <SP HPOS="1253" ID="PAG_00000025_SP000052" VPOS="845" WIDTH="39"/>
        <String CONTENT="de" HEIGHT="33" HPOS="1292" ID="PAG_00000025_ST000060" STYLEREFS="TXT_1" VPOS="845" WC="1" WIDTH="42"/>
        <SP HPOS="1334" ID="PAG_00000025_SP000053" VPOS="845" WIDTH="47"/>
        <String CONTENT="Russie" HEIGHT="34" HPOS="1381" ID="PAG_00000025_ST000061" STYLEREFS="TXT_1" VPOS="845" WC="1" WIDTH="124"/>
        <SP HPOS="1505" ID="PAG_00000025_SP000054" VPOS="845" WIDTH="49"/>
        <String CONTENT="(D'après)" HEIGHT="46" HPOS="1554" ID="PAG_00000025_ST000062" STYLEREFS="TXT_1" VPOS="845" WC="1" WIDTH="173"/>
        <SP HPOS="1727" ID="PAG_00000025_SP000055" VPOS="868" WIDTH="143"/>
        <String CONTENT="-" HEIGHT="4" HPOS="1870" ID="PAG_00000025_ST000063" STYLEREFS="TXT_1" SUBS_CONTENT="(Ecole" SUBS_TYPE="HypPart1" VPOS="868" WC="0.28" WIDTH="9"/>
        <HYP CONTENT="-" HPOS="1879" VPOS="872" WIDTH="30"/>
      </TextLine>
      <TextLine HEIGHT="51" HPOS="795" ID="PAG_00000025_TL000009" STYLEREFS="TXT_1" VPOS="900" WIDTH="1291">
        <String CONTENT="(Ecole" HEIGHT="47" HPOS="795" ID="PAG_00000025_ST000064" STYLEREFS="TXT_1" SUBS_CONTENT="(Ecole" SUBS_TYPE="HypPart2" VPOS="900" WC="1" WIDTH="120"/>
        <SP HPOS="915" ID="PAG_00000025_SP000056" VPOS="902" WIDTH="27"/>
        <String CONTENT="russe)" HEIGHT="47" HPOS="942" ID="PAG_00000025_ST000065" STYLEREFS="TXT_1" VPOS="902" WC="1" WIDTH="111"/>
        <SP HPOS="1053" ID="PAG_00000025_SP000057" VPOS="931" WIDTH="88"/>
        <String CONTENT="Coll." HEIGHT="35" HPOS="1721" ID="PAG_00000025_ST000066" STYLEREFS="TXT_1" VPOS="906" WC="1" WIDTH="90"/>
        <SP HPOS="1811" ID="PAG_00000025_SP000058" VPOS="906" WIDTH="30"/>
        <String CONTENT="Schlichting" HEIGHT="45" HPOS="1841" ID="PAG_00000025_ST000067" STYLEREFS="TXT_1" VPOS="906" WC="1" WIDTH="245"/>
      </TextLine>
      <TextLine HEIGHT="49" HPOS="431" ID="PAG_00000025_TL000010" STYLEREFS="TXT_1" VPOS="961" WIDTH="1295">
        <String CONTENT="30" HEIGHT="35" HPOS="431" ID="PAG_00000025_ST000068" STYLEREFS="TXT_1" VPOS="961" WC="1" WIDTH="44"/>
        <SP HPOS="475" ID="PAG_00000025_SP000059" VPOS="961" WIDTH="101"/>
        <String CONTENT="Boucher," HEIGHT="43" HPOS="576" ID="PAG_00000025_ST000069" STYLEREFS="TXT_1" VPOS="961" WC="1" WIDTH="191"/>
        <SP HPOS="767" ID="PAG_00000025_SP000060" VPOS="962" WIDTH="30"/>
        <String CONTENT="François." HEIGHT="46" HPOS="797" ID="PAG_00000025_ST000070" STYLEREFS="TXT_1" VPOS="962" WC="1" WIDTH="200"/>
        <SP HPOS="997" ID="PAG_00000025_SP000061" VPOS="962" WIDTH="31"/>
        <String CONTENT="(1703-1770)." HEIGHT="48" HPOS="1028" ID="PAG_00000025_ST000071" STYLEREFS="TXT_1" VPOS="962" WC="1" WIDTH="246"/>
        <SP HPOS="1274" ID="PAG_00000025_SP000062" VPOS="984" WIDTH="29"/>
        <String CONTENT="&#8212;" HEIGHT="5" HPOS="1303" ID="PAG_00000025_ST000072" STYLEREFS="TXT_1" VPOS="984" WC="0.66" WIDTH="47"/>
        <SP HPOS="1350" ID="PAG_00000025_SP000063" VPOS="965" WIDTH="27"/>
        <String CONTENT="Diane" HEIGHT="33" HPOS="1377" ID="PAG_00000025_ST000073" STYLEREFS="TXT_1" VPOS="965" WC="1" WIDTH="115"/>
        <SP HPOS="1492" ID="PAG_00000025_SP000064" VPOS="974" WIDTH="27"/>
        <String CONTENT="sortant" HEIGHT="25" HPOS="1519" ID="PAG_00000025_ST000074" STYLEREFS="TXT_1" VPOS="974" WC="1" WIDTH="134"/>
        <SP HPOS="1653" ID="PAG_00000025_SP000065" VPOS="966" WIDTH="26"/>
        <String CONTENT="du" HEIGHT="33" HPOS="1679" ID="PAG_00000025_ST000075" STYLEREFS="TXT_1" VPOS="966" WC="1" WIDTH="47"/>
      </TextLine>
      <TextLine HEIGHT="47" HPOS="792" ID="PAG_00000025_TL000011" STYLEREFS="TXT_1" VPOS="1022" WIDTH="1109">
        <String CONTENT="bain" HEIGHT="33" HPOS="792" ID="PAG_00000025_ST000076" STYLEREFS="TXT_1" VPOS="1022" WC="1" WIDTH="80"/>
        <SP HPOS="872" ID="PAG_00000025_SP000066" VPOS="1033" WIDTH="28"/>
        <String CONTENT="avec" HEIGHT="23" HPOS="900" ID="PAG_00000025_ST000077" STYLEREFS="TXT_1" VPOS="1033" WC="1" WIDTH="83"/>
        <SP HPOS="983" ID="PAG_00000025_SP000067" VPOS="1034" WIDTH="26"/>
        <String CONTENT="une" HEIGHT="22" HPOS="1009" ID="PAG_00000025_ST000078" STYLEREFS="TXT_1" VPOS="1034" WC="1" WIDTH="70"/>
        <SP HPOS="1079" ID="PAG_00000025_SP000068" VPOS="1024" WIDTH="28"/>
        <String CONTENT="de" HEIGHT="33" HPOS="1107" ID="PAG_00000025_ST000079" STYLEREFS="TXT_1" VPOS="1024" WC="1" WIDTH="43"/>
        <SP HPOS="1150" ID="PAG_00000025_SP000069" VPOS="1035" WIDTH="27"/>
        <String CONTENT="ses" HEIGHT="22" HPOS="1177" ID="PAG_00000025_ST000080" STYLEREFS="TXT_1" VPOS="1035" WC="1" WIDTH="54"/>
        <SP HPOS="1231" ID="PAG_00000025_SP000070" VPOS="1035" WIDTH="27"/>
        <String CONTENT="compagnes." HEIGHT="34" HPOS="1258" ID="PAG_00000025_ST000081" STYLEREFS="TXT_1" VPOS="1035" WC="1" WIDTH="461"/>
        <SP HPOS="1719" ID="PAG_00000025_SP000071" VPOS="1025" WIDTH="59"/>
        <String CONTENT="XVI-S" HEIGHT="35" HPOS="1778" ID="PAG_00000025_ST000082" STYLEREFS="TXT_1" VPOS="1025" WC="1" WIDTH="123"/>
      </TextLine>
      <TextLine HEIGHT="49" HPOS="430" ID="PAG_00000025_TL000012" STYLEREFS="TXT_1" VPOS="1081" WIDTH="1297">
        <String CONTENT="31" HEIGHT="35" HPOS="430" ID="PAG_00000025_ST000083" STYLEREFS="TXT_1" VPOS="1082" WC="1" WIDTH="42"/>
        <SP HPOS="472" ID="PAG_00000025_SP000072" VPOS="1102" WIDTH="176"/>
        <String CONTENT="&#8212;" HEIGHT="3" HPOS="648" ID="PAG_00000025_ST000084" STYLEREFS="TXT_1" VPOS="1102" WC="0.66" WIDTH="41"/>
        <SP HPOS="689" ID="PAG_00000025_SP000073" VPOS="1081" WIDTH="54"/>
        <String CONTENT="Vénus" HEIGHT="34" HPOS="743" ID="PAG_00000025_ST000085" STYLEREFS="TXT_1" VPOS="1081" WC="1" WIDTH="123"/>
        <SP HPOS="866" ID="PAG_00000025_SP000074" VPOS="1083" WIDTH="27"/>
        <String CONTENT="commandant" HEIGHT="34" HPOS="893" ID="PAG_00000025_ST000086" STYLEREFS="TXT_1" VPOS="1083" WC="1" WIDTH="257"/>
        <SP HPOS="1150" ID="PAG_00000025_SP000075" VPOS="1085" WIDTH="27"/>
        <String CONTENT="à" HEIGHT="32" HPOS="1177" ID="PAG_00000025_ST000087" STYLEREFS="TXT_1" VPOS="1085" WC="1" WIDTH="19"/>
        <SP HPOS="1196" ID="PAG_00000025_SP000076" VPOS="1084" WIDTH="27"/>
        <String CONTENT="Vulcain" HEIGHT="34" HPOS="1223" ID="PAG_00000025_ST000088" STYLEREFS="TXT_1" VPOS="1084" WC="1" WIDTH="149"/>
        <SP HPOS="1372" ID="PAG_00000025_SP000077" VPOS="1084" WIDTH="28"/>
        <String CONTENT="des" HEIGHT="34" HPOS="1400" ID="PAG_00000025_ST000089" STYLEREFS="TXT_1" VPOS="1084" WC="1" WIDTH="61"/>
        <SP HPOS="1461" ID="PAG_00000025_SP000078" VPOS="1096" WIDTH="26"/>
        <String CONTENT="armes" HEIGHT="22" HPOS="1487" ID="PAG_00000025_ST000090" STYLEREFS="TXT_1" VPOS="1096" WC="1" WIDTH="115"/>
        <SP HPOS="1602" ID="PAG_00000025_SP000079" VPOS="1096" WIDTH="37"/>
        <String CONTENT="pour" HEIGHT="34" HPOS="1639" ID="PAG_00000025_ST000091" STYLEREFS="TXT_1" VPOS="1096" WC="1" WIDTH="88"/>
      </TextLine>
      <TextLine HEIGHT="40" HPOS="793" ID="PAG_00000025_TL000013" STYLEREFS="TXT_1" VPOS="1139" WIDTH="1118">
        <String CONTENT="Enée." HEIGHT="40" HPOS="793" ID="PAG_00000025_ST000092" STYLEREFS="TXT_1" VPOS="1139" WC="1" WIDTH="927"/>
        <SP HPOS="1720" ID="PAG_00000025_SP000080" VPOS="1145" WIDTH="59"/>
        <String CONTENT="XVI-N" HEIGHT="34" HPOS="1779" ID="PAG_00000025_ST000093" STYLEREFS="TXT_1" VPOS="1145" WC="1" WIDTH="132"/>
      </TextLine>
      <TextLine HEIGHT="45" HPOS="429" ID="PAG_00000025_TL000014" STYLEREFS="TXT_1" VPOS="1201" WIDTH="1475">
        <String CONTENT="32" HEIGHT="36" HPOS="429" ID="PAG_00000025_ST000094" STYLEREFS="TXT_1" VPOS="1202" WC="1" WIDTH="45"/>
        <SP HPOS="474" ID="PAG_00000025_SP000081" VPOS="1222" WIDTH="174"/>
        <String CONTENT="&#8212;" HEIGHT="3" HPOS="648" ID="PAG_00000025_ST000095" STYLEREFS="TXT_1" VPOS="1222" WC="0.66" WIDTH="43"/>
        <SP HPOS="691" ID="PAG_00000025_SP000082" VPOS="1201" WIDTH="54"/>
        <String CONTENT="La" HEIGHT="34" HPOS="745" ID="PAG_00000025_ST000096" STYLEREFS="TXT_1" VPOS="1201" WC="1" WIDTH="46"/>
        <SP HPOS="791" ID="PAG_00000025_SP000083" VPOS="1202" WIDTH="28"/>
        <String CONTENT="bergère" HEIGHT="44" HPOS="819" ID="PAG_00000025_ST000097" STYLEREFS="TXT_1" VPOS="1202" WC="1" WIDTH="143"/>
        <SP HPOS="962" ID="PAG_00000025_SP000084" VPOS="1203" WIDTH="28"/>
        <String CONTENT="endormie." HEIGHT="36" HPOS="990" ID="PAG_00000025_ST000098" STYLEREFS="TXT_1" VPOS="1203" WC="0.98" WIDTH="732"/>
        <SP HPOS="1722" ID="PAG_00000025_SP000085" VPOS="1204" WIDTH="59"/>
        <String CONTENT="XVI-S" HEIGHT="35" HPOS="1781" ID="PAG_00000025_ST000099" STYLEREFS="TXT_1" VPOS="1204" WC="1" WIDTH="123"/>
      </TextLine>
      <TextLine HEIGHT="38" HPOS="429" ID="PAG_00000025_TL000015" STYLEREFS="TXT_1" VPOS="1261" WIDTH="1476">
        <String CONTENT="33" HEIGHT="36" HPOS="429" ID="PAG_00000025_ST000100" STYLEREFS="TXT_1" VPOS="1262" WC="1" WIDTH="45"/>
        <SP HPOS="474" ID="PAG_00000025_SP000086" VPOS="1282" WIDTH="174"/>
        <String CONTENT="&#8212;" HEIGHT="3" HPOS="648" ID="PAG_00000025_ST000101" STYLEREFS="TXT_1" VPOS="1282" WC="0.66" WIDTH="41"/>
        <SP HPOS="689" ID="PAG_00000025_SP000087" VPOS="1261" WIDTH="54"/>
        <String CONTENT="La" HEIGHT="33" HPOS="743" ID="PAG_00000025_ST000102" STYLEREFS="TXT_1" VPOS="1261" WC="1" WIDTH="47"/>
        <SP HPOS="790" ID="PAG_00000025_SP000088" VPOS="1270" WIDTH="27"/>
        <String CONTENT="musette." HEIGHT="29" HPOS="817" ID="PAG_00000025_ST000103" STYLEREFS="TXT_1" VPOS="1270" WC="1" WIDTH="906"/>
        <SP HPOS="1723" ID="PAG_00000025_SP000089" VPOS="1264" WIDTH="59"/>
        <String CONTENT="XVI-S" HEIGHT="35" HPOS="1782" ID="PAG_00000025_ST000104" STYLEREFS="TXT_1" VPOS="1264" WC="1" WIDTH="123"/>
      </TextLine>
      <TextLine HEIGHT="47" HPOS="430" ID="PAG_00000025_TL000016" STYLEREFS="TXT_1" VPOS="1321" WIDTH="1485">
        <String CONTENT="34" HEIGHT="36" HPOS="430" ID="PAG_00000025_ST000105" STYLEREFS="TXT_1" VPOS="1322" WC="1" WIDTH="45"/>
        <SP HPOS="475" ID="PAG_00000025_SP000090" VPOS="1342" WIDTH="172"/>
        <String CONTENT="-" HEIGHT="4" HPOS="647" ID="PAG_00000025_ST000106" STYLEREFS="TXT_1" VPOS="1342" WC="0.64" WIDTH="42"/>
        <SP HPOS="689" ID="PAG_00000025_SP000091" VPOS="1321" WIDTH="53"/>
        <String CONTENT="Sujet" HEIGHT="47" HPOS="742" ID="PAG_00000025_ST000107" STYLEREFS="TXT_1" VPOS="1321" WC="1" WIDTH="97"/>
        <SP HPOS="839" ID="PAG_00000025_SP000092" VPOS="1322" WIDTH="27"/>
        <String CONTENT="pastoral:" HEIGHT="45" HPOS="866" ID="PAG_00000025_ST000108" STYLEREFS="TXT_1" VPOS="1322" WC="1" WIDTH="172"/>
        <SP HPOS="1038" ID="PAG_00000025_SP000093" VPOS="1322" WIDTH="32"/>
        <String CONTENT="Le" HEIGHT="34" HPOS="1070" ID="PAG_00000025_ST000109" STYLEREFS="TXT_1" VPOS="1322" WC="1" WIDTH="47"/>
        <SP HPOS="1117" ID="PAG_00000025_SP000094" VPOS="1323" WIDTH="28"/>
        <String CONTENT="nid." HEIGHT="36" HPOS="1145" ID="PAG_00000025_ST000110" STYLEREFS="TXT_1" VPOS="1323" WC="1" WIDTH="578"/>
        <SP HPOS="1723" ID="PAG_00000025_SP000095" VPOS="1324" WIDTH="59"/>
        <String CONTENT="XVI-N" HEIGHT="34" HPOS="1782" ID="PAG_00000025_ST000111" STYLEREFS="TXT_1" VPOS="1324" WC="1" WIDTH="133"/>
      </TextLine>
    </TextBlock>
    <Illustration HEIGHT="572" HPOS="407" ID="PAG_00000025_IL000001" VPOS="1374" WIDTH="778"/>
    <TextBlock HEIGHT="43" HPOS="450" ID="PAG_00000025_TB000003" STYLEREFS="TXT_1" VPOS="1957" WIDTH="701" language="fr">
      <TextLine HEIGHT="43" HPOS="450" ID="PAG_00000025_TL000017" STYLEREFS="TXT_1" VPOS="1957" WIDTH="701">
        <String CONTENT="32" HEIGHT="33" HPOS="450" ID="PAG_00000025_ST000112" STYLEREFS="TXT_1" VPOS="1967" WC="1" WIDTH="43"/>
        <SP HPOS="493" ID="PAG_00000025_SP000096" VPOS="1957" WIDTH="421"/>
        <String CONTENT="FR." HEIGHT="32" HPOS="914" ID="PAG_00000025_ST000113" STYLEREFS="TXT_1" VPOS="1957" WC="1" WIDTH="79"/>
        <SP HPOS="993" ID="PAG_00000025_SP000097" VPOS="1957" WIDTH="1"/>
        <String CONTENT="BOUCHER" HEIGHT="32" HPOS="993" ID="PAG_00000025_ST000114" STYLEREFS="TXT_1" VPOS="1957" WC="1" WIDTH="158"/>
      </TextLine>
    </TextBlock>
    <Illustration HEIGHT="572" HPOS="1257" ID="PAG_00000025_IL000002" VPOS="1374" WIDTH="788"/>
    <TextBlock HEIGHT="42" HPOS="1291" ID="PAG_00000025_TB000004" STYLEREFS="TXT_1" VPOS="1956" WIDTH="703" language="fr">
      <TextLine HEIGHT="42" HPOS="1291" ID="PAG_00000025_TL000018" STYLEREFS="TXT_1" VPOS="1956" WIDTH="703">
        <String CONTENT="33" HEIGHT="33" HPOS="1291" ID="PAG_00000025_ST000115" STYLEREFS="TXT_1" TYPE="illegible" VPOS="1965" WC="0.29" WIDTH="40"/>
        <SP HPOS="1331" ID="PAG_00000025_SP000098" VPOS="1957" WIDTH="429"/>
        <String CONTENT="FR" HEIGHT="30" HPOS="1760" ID="PAG_00000025_ST000116" STYLEREFS="TXT_1" VPOS="1957" WC="1" WIDTH="53"/>
        <SP HPOS="1813" ID="PAG_00000025_SP000099" VPOS="1956" WIDTH="33"/>
        <String CONTENT="BOUCHKR" HEIGHT="31" HPOS="1846" ID="PAG_00000025_ST000117" STYLEREFS="TXT_1" VPOS="1956" WC="0.89" WIDTH="148"/>
      </TextLine>
    </TextBlock>
    <TextBlock HEIGHT="879" HPOS="423" ID="PAG_00000025_TB000005" STYLEREFS="TXT_1" TYPE="table" VPOS="2026" WIDTH="1655" language="fr">
      <TextLine HEIGHT="47" HPOS="427" ID="PAG_00000025_TL000019" STYLEREFS="TXT_1" VPOS="2026" WIDTH="1295">
        <String CONTENT="35" HEIGHT="35" HPOS="427" ID="PAG_00000025_ST000118" STYLEREFS="TXT_1" VPOS="2027" WC="1" WIDTH="44"/>
        <SP HPOS="471" ID="PAG_00000025_SP000100" VPOS="2027" WIDTH="100"/>
        <String CONTENT="Boucher," HEIGHT="43" HPOS="571" ID="PAG_00000025_ST000119" STYLEREFS="TXT_1" VPOS="2027" WC="1" WIDTH="191"/>
        <SP HPOS="762" ID="PAG_00000025_SP000101" VPOS="2027" WIDTH="29"/>
        <String CONTENT="François." HEIGHT="45" HPOS="791" ID="PAG_00000025_ST000120" STYLEREFS="TXT_1" VPOS="2027" WC="1" WIDTH="196"/>
        <SP HPOS="987" ID="PAG_00000025_SP000102" VPOS="2026" WIDTH="48"/>
        <String CONTENT="(1703-1770)." HEIGHT="47" HPOS="1035" ID="PAG_00000025_ST000121" STYLEREFS="TXT_1" VPOS="2026" WC="0.97" WIDTH="247"/>
        <SP HPOS="1282" ID="PAG_00000025_SP000103" VPOS="2047" WIDTH="46"/>
        <String CONTENT="&#8212;" HEIGHT="3" HPOS="1328" ID="PAG_00000025_ST000122" STYLEREFS="TXT_1" VPOS="2047" WC="0.66" WIDTH="45"/>
        <SP HPOS="1373" ID="PAG_00000025_SP000104" VPOS="2026" WIDTH="45"/>
        <String CONTENT="Sujet" HEIGHT="46" HPOS="1418" ID="PAG_00000025_ST000123" STYLEREFS="TXT_1" VPOS="2026" WC="1" WIDTH="96"/>
        <SP HPOS="1514" ID="PAG_00000025_SP000105" VPOS="2026" WIDTH="39"/>
        <String CONTENT="pastoral:" HEIGHT="45" HPOS="1553" ID="PAG_00000025_ST000124" STYLEREFS="TXT_1" VPOS="2026" WC="1" WIDTH="169"/>
      </TextLine>
      <TextLine HEIGHT="47" HPOS="788" ID="PAG_00000025_TL000020" STYLEREFS="TXT_1" VPOS="2085" WIDTH="1124">
        <String CONTENT="Berger" HEIGHT="45" HPOS="788" ID="PAG_00000025_ST000125" STYLEREFS="TXT_1" VPOS="2087" WC="1" WIDTH="129"/>
        <SP HPOS="917" ID="PAG_00000025_SP000106" VPOS="2096" WIDTH="26"/>
        <String CONTENT="et" HEIGHT="24" HPOS="943" ID="PAG_00000025_ST000126" STYLEREFS="TXT_1" VPOS="2096" WC="1" WIDTH="33"/>
        <SP HPOS="976" ID="PAG_00000025_SP000107" VPOS="2087" WIDTH="28"/>
        <String CONTENT="bergères." HEIGHT="45" HPOS="1004" ID="PAG_00000025_ST000127" STYLEREFS="TXT_1" VPOS="2087" WC="1" WIDTH="719"/>
        <SP HPOS="1723" ID="PAG_00000025_SP000108" VPOS="2085" WIDTH="59"/>
        <String CONTENT="XVI-N" HEIGHT="34" HPOS="1782" ID="PAG_00000025_ST000128" STYLEREFS="TXT_1" VPOS="2085" WC="1" WIDTH="130"/>
      </TextLine>
      <TextLine HEIGHT="45" HPOS="426" ID="PAG_00000025_TL000021" STYLEREFS="TXT_1" VPOS="2146" WIDTH="1296">
        <String CONTENT="36" HEIGHT="35" HPOS="426" ID="PAG_00000025_ST000129" STYLEREFS="TXT_1" VPOS="2146" WC="1" WIDTH="44"/>
        <SP HPOS="470" ID="PAG_00000025_SP000109" VPOS="2167" WIDTH="174"/>
        <String CONTENT="&#8212;" HEIGHT="3" HPOS="644" ID="PAG_00000025_ST000130" STYLEREFS="TXT_1" VPOS="2167" WC="0.66" WIDTH="42"/>
        <SP HPOS="686" ID="PAG_00000025_SP000110" VPOS="2147" WIDTH="53"/>
        <String CONTENT="Vulcain" HEIGHT="33" HPOS="739" ID="PAG_00000025_ST000131" STYLEREFS="TXT_1" VPOS="2147" WC="1" WIDTH="150"/>
        <SP HPOS="889" ID="PAG_00000025_SP000111" VPOS="2148" WIDTH="28"/>
        <String CONTENT="présentant" HEIGHT="43" HPOS="917" ID="PAG_00000025_ST000132" STYLEREFS="TXT_1" VPOS="2148" WC="1" WIDTH="202"/>
        <SP HPOS="1119" ID="PAG_00000025_SP000112" VPOS="2147" WIDTH="38"/>
        <String CONTENT="à" HEIGHT="32" HPOS="1157" ID="PAG_00000025_ST000133" STYLEREFS="TXT_1" VPOS="2147" WC="1" WIDTH="19"/>
        <SP HPOS="1176" ID="PAG_00000025_SP000113" VPOS="2146" WIDTH="40"/>
        <String CONTENT="Vénus" HEIGHT="33" HPOS="1216" ID="PAG_00000025_ST000134" STYLEREFS="TXT_1" VPOS="2146" WC="1" WIDTH="123"/>
        <SP HPOS="1339" ID="PAG_00000025_SP000114" VPOS="2146" WIDTH="38"/>
        <String CONTENT="des" HEIGHT="33" HPOS="1377" ID="PAG_00000025_ST000135" STYLEREFS="TXT_1" VPOS="2146" WC="1" WIDTH="60"/>
        <SP HPOS="1437" ID="PAG_00000025_SP000115" VPOS="2156" WIDTH="43"/>
        <String CONTENT="armes" HEIGHT="23" HPOS="1480" ID="PAG_00000025_ST000136" STYLEREFS="TXT_1" VPOS="2156" WC="1" WIDTH="115"/>
        <SP HPOS="1595" ID="PAG_00000025_SP000116" VPOS="2156" WIDTH="39"/>
        <String CONTENT="pour" HEIGHT="34" HPOS="1634" ID="PAG_00000025_ST000137" STYLEREFS="TXT_1" VPOS="2156" WC="1" WIDTH="88"/>
      </TextLine>
      <TextLine HEIGHT="37" HPOS="790" ID="PAG_00000025_TL000022" STYLEREFS="TXT_1" VPOS="2204" WIDTH="1106">
        <String CONTENT="Enée" HEIGHT="34" HPOS="790" ID="PAG_00000025_ST000138" STYLEREFS="TXT_1" VPOS="2206" WC="1" WIDTH="96"/>
        <SP HPOS="886" ID="PAG_00000025_SP000117" VPOS="2232" WIDTH="92"/>
        <String CONTENT="XVI-S" HEIGHT="35" HPOS="1773" ID="PAG_00000025_ST000139" STYLEREFS="TXT_1" VPOS="2204" WC="1" WIDTH="123"/>
      </TextLine>
      <TextLine HEIGHT="37" HPOS="425" ID="PAG_00000025_TL000023" STYLEREFS="TXT_1" VPOS="2264" WIDTH="1470">
        <String CONTENT="37" HEIGHT="35" HPOS="425" ID="PAG_00000025_ST000140" STYLEREFS="TXT_1" VPOS="2266" WC="1" WIDTH="45"/>
        <SP HPOS="470" ID="PAG_00000025_SP000118" VPOS="2286" WIDTH="173"/>
        <String CONTENT="-" HEIGHT="5" HPOS="643" ID="PAG_00000025_ST000141" STYLEREFS="TXT_1" VPOS="2286" WC="0.66" WIDTH="46"/>
        <SP HPOS="689" ID="PAG_00000025_SP000119" VPOS="2266" WIDTH="51"/>
        <String CONTENT="Vertumne" HEIGHT="34" HPOS="740" ID="PAG_00000025_ST000142" STYLEREFS="TXT_1" VPOS="2266" WC="1" WIDTH="200"/>
        <SP HPOS="940" ID="PAG_00000025_SP000120" VPOS="2274" WIDTH="27"/>
        <String CONTENT="et" HEIGHT="25" HPOS="967" ID="PAG_00000025_ST000143" STYLEREFS="TXT_1" VPOS="2274" WC="1" WIDTH="33"/>
        <SP HPOS="1000" ID="PAG_00000025_SP000121" VPOS="2265" WIDTH="28"/>
        <String CONTENT="Pomone." HEIGHT="35" HPOS="1028" ID="PAG_00000025_ST000144" STYLEREFS="TXT_1" VPOS="2265" WC="1" WIDTH="684"/>
        <SP HPOS="1712" ID="PAG_00000025_SP000122" VPOS="2264" WIDTH="59"/>
        <String CONTENT="XVI-S" HEIGHT="34" HPOS="1771" ID="PAG_00000025_ST000145" STYLEREFS="TXT_1" VPOS="2264" WC="1" WIDTH="124"/>
      </TextLine>
      <TextLine HEIGHT="47" HPOS="425" ID="PAG_00000025_TL000024" STYLEREFS="TXT_1" VPOS="2323" WIDTH="1475">
        <String CONTENT="38" HEIGHT="35" HPOS="425" ID="PAG_00000025_ST000146" STYLEREFS="TXT_1" VPOS="2325" WC="1" WIDTH="44"/>
        <SP HPOS="469" ID="PAG_00000025_SP000123" VPOS="2346" WIDTH="174"/>
        <String CONTENT="&#8212;" HEIGHT="3" HPOS="643" ID="PAG_00000025_ST000147" STYLEREFS="TXT_1" VPOS="2346" WC="0.66" WIDTH="40"/>
        <SP HPOS="683" ID="PAG_00000025_SP000124" VPOS="2325" WIDTH="56"/>
        <String CONTENT="Céphale" HEIGHT="45" HPOS="739" ID="PAG_00000025_ST000148" STYLEREFS="TXT_1" VPOS="2325" WC="0.99" WIDTH="156"/>
        <SP HPOS="895" ID="PAG_00000025_SP000125" VPOS="2333" WIDTH="27"/>
        <String CONTENT="et" HEIGHT="26" HPOS="922" ID="PAG_00000025_ST000149" STYLEREFS="TXT_1" VPOS="2333" WC="1" WIDTH="33"/>
        <SP HPOS="955" ID="PAG_00000025_SP000126" VPOS="2324" WIDTH="26"/>
        <String CONTENT="l'Aurore" HEIGHT="35" HPOS="981" ID="PAG_00000025_ST000150" STYLEREFS="TXT_1" VPOS="2324" WC="0.99" WIDTH="192"/>
        <SP HPOS="1173" ID="PAG_00000025_SP000127" VPOS="2324" WIDTH="59"/>
        <String CONTENT="XVI-N" HEIGHT="34" HPOS="1769" ID="PAG_00000025_ST000151" STYLEREFS="TXT_1" VPOS="2323" WC="1" WIDTH="131"/>
      </TextLine>
      <TextLine HEIGHT="47" HPOS="426" ID="PAG_00000025_TL000025" STYLEREFS="TXT_1" VPOS="2382" WIDTH="1471">
        <String CONTENT="39" HEIGHT="35" HPOS="426" ID="PAG_00000025_ST000152" STYLEREFS="TXT_1" VPOS="2385" WC="1" WIDTH="45"/>
        <SP HPOS="471" ID="PAG_00000025_SP000128" VPOS="2405" WIDTH="173"/>
        <String CONTENT="-" HEIGHT="4" HPOS="644" ID="PAG_00000025_ST000153" STYLEREFS="TXT_1" VPOS="2405" WC="0.66" WIDTH="42"/>
        <SP HPOS="686" ID="PAG_00000025_SP000129" VPOS="2384" WIDTH="54"/>
        <String CONTENT="L'enlèvement" HEIGHT="35" HPOS="740" ID="PAG_00000025_ST000154" STYLEREFS="TXT_1" VPOS="2384" WC="1" WIDTH="267"/>
        <SP HPOS="1007" ID="PAG_00000025_SP000130" VPOS="2384" WIDTH="27"/>
        <String CONTENT="d'Europe" HEIGHT="45" HPOS="1034" ID="PAG_00000025_ST000155" STYLEREFS="TXT_1" VPOS="2384" WC="0.99" WIDTH="192"/>
        <SP HPOS="1226" ID="PAG_00000025_SP000131" VPOS="2384" WIDTH="58"/>
        <String CONTENT="XVI-S" HEIGHT="35" HPOS="1775" ID="PAG_00000025_ST000156" STYLEREFS="TXT_1" VPOS="2382" WC="1" WIDTH="122"/>
      </TextLine>
      <TextLine HEIGHT="48" HPOS="426" ID="PAG_00000025_TL000026" STYLEREFS="TXT_1" VPOS="2441" WIDTH="1652">
        <String CONTENT="41" HEIGHT="34" HPOS="426" ID="PAG_00000025_ST000157" STYLEREFS="TXT_1" VPOS="2445" WC="1" WIDTH="42"/>
        <SP HPOS="468" ID="PAG_00000025_SP000132" VPOS="2465" WIDTH="177"/>
        <String CONTENT="&#8212;" HEIGHT="4" HPOS="645" ID="PAG_00000025_ST000158" STYLEREFS="TXT_1" VPOS="2465" WC="0.66" WIDTH="41"/>
        <SP HPOS="686" ID="PAG_00000025_SP000133" VPOS="2445" WIDTH="52"/>
        <String CONTENT="Neptune" HEIGHT="44" HPOS="738" ID="PAG_00000025_ST000159" STYLEREFS="TXT_1" VPOS="2445" WC="1" WIDTH="167"/>
        <SP HPOS="905" ID="PAG_00000025_SP000134" VPOS="2453" WIDTH="28"/>
        <String CONTENT="et" HEIGHT="25" HPOS="933" ID="PAG_00000025_ST000160" STYLEREFS="TXT_1" VPOS="2453" WC="1" WIDTH="33"/>
        <SP HPOS="966" ID="PAG_00000025_SP000135" VPOS="2444" WIDTH="22"/>
        <String CONTENT="Amymone" HEIGHT="45" HPOS="988" ID="PAG_00000025_ST000161" STYLEREFS="TXT_1" VPOS="2444" WC="1" WIDTH="212"/>
        <SP HPOS="1200" ID="PAG_00000025_SP000136" VPOS="2469" WIDTH="90"/>
        <String CONTENT="Esc." HEIGHT="34" HPOS="1772" ID="PAG_00000025_ST000162" STYLEREFS="TXT_1" VPOS="2443" WC="1" WIDTH="81"/>
        <SP HPOS="1853" ID="PAG_00000025_SP000137" VPOS="2442" WIDTH="30"/>
        <String CONTENT="Henri" HEIGHT="35" HPOS="1883" ID="PAG_00000025_ST000163" STYLEREFS="TXT_1" VPOS="2442" WC="1" WIDTH="120"/>
        <SP HPOS="2003" ID="PAG_00000025_SP000138" VPOS="2441" WIDTH="27"/>
        <String CONTENT="IV" HEIGHT="35" HPOS="2030" ID="PAG_00000025_ST000164" STYLEREFS="TXT_1" VPOS="2441" WC="1" WIDTH="48"/>
      </TextLine>
      <TextLine HEIGHT="49" HPOS="426" ID="PAG_00000025_TL000027" STYLEREFS="TXT_1" VPOS="2501" WIDTH="1478">
        <String CONTENT="42" HEIGHT="34" HPOS="426" ID="PAG_00000025_ST000165" STYLEREFS="TXT_1" VPOS="2505" WC="1" WIDTH="45"/>
        <SP HPOS="471" ID="PAG_00000025_SP000139" VPOS="2525" WIDTH="171"/>
        <String CONTENT="&#8212;" HEIGHT="4" HPOS="642" ID="PAG_00000025_ST000166" STYLEREFS="TXT_1" VPOS="2525" WC="0.66" WIDTH="46"/>
        <SP HPOS="688" ID="PAG_00000025_SP000140" VPOS="2504" WIDTH="54"/>
        <String CONTENT="Les" HEIGHT="34" HPOS="742" ID="PAG_00000025_ST000167" STYLEREFS="TXT_1" VPOS="2504" WC="1" WIDTH="63"/>
        <SP HPOS="805" ID="PAG_00000025_SP000141" VPOS="2504" WIDTH="27"/>
        <String CONTENT="jeux" HEIGHT="46" HPOS="832" ID="PAG_00000025_ST000168" STYLEREFS="TXT_1" VPOS="2504" WC="1" WIDTH="80"/>
        <SP HPOS="912" ID="PAG_00000025_SP000142" VPOS="2504" WIDTH="27"/>
        <String CONTENT="de" HEIGHT="33" HPOS="939" ID="PAG_00000025_ST000169" STYLEREFS="TXT_1" VPOS="2504" WC="1" WIDTH="42"/>
        <SP HPOS="981" ID="PAG_00000025_SP000143" VPOS="2503" WIDTH="28"/>
        <String CONTENT="l'amour" HEIGHT="34" HPOS="1009" ID="PAG_00000025_ST000170" STYLEREFS="TXT_1" VPOS="2503" WC="1" WIDTH="151"/>
        <SP HPOS="1160" ID="PAG_00000025_SP000144" VPOS="2502" WIDTH="34"/>
        <String CONTENT="(La" HEIGHT="47" HPOS="1194" ID="PAG_00000025_ST000171" STYLEREFS="TXT_1" VPOS="2502" WC="1" WIDTH="62"/>
        <SP HPOS="1256" ID="PAG_00000025_SP000145" VPOS="2503" WIDTH="26"/>
        <String CONTENT="cible" HEIGHT="33" HPOS="1282" ID="PAG_00000025_ST000172" STYLEREFS="TXT_1" VPOS="2503" WC="1" WIDTH="88"/>
        <SP HPOS="1370" ID="PAG_00000025_SP000146" VPOS="2501" WIDTH="26"/>
        <String CONTENT="d'Amour)" HEIGHT="46" HPOS="1396" ID="PAG_00000025_ST000173" STYLEREFS="TXT_1" VPOS="2501" WC="1" WIDTH="190"/>
        <SP HPOS="1586" ID="PAG_00000025_SP000147" VPOS="2529" WIDTH="87"/>
        <String CONTENT="XVI-N" HEIGHT="33" HPOS="1774" ID="PAG_00000025_ST000174" STYLEREFS="TXT_1" VPOS="2502" WC="1" WIDTH="130"/>
      </TextLine>
      <TextLine HEIGHT="38" HPOS="426" ID="PAG_00000025_TL000028" STYLEREFS="TXT_1" VPOS="2561" WIDTH="1474">
        <String CONTENT="43" HEIGHT="35" HPOS="426" ID="PAG_00000025_ST000175" STYLEREFS="TXT_1" VPOS="2564" WC="1" WIDTH="46"/>
        <SP HPOS="472" ID="PAG_00000025_SP000148" VPOS="2584" WIDTH="172"/>
        <String CONTENT="&#8212;" HEIGHT="4" HPOS="644" ID="PAG_00000025_ST000176" STYLEREFS="TXT_1" VPOS="2584" WC="0.66" WIDTH="42"/>
        <SP HPOS="686" ID="PAG_00000025_SP000149" VPOS="2564" WIDTH="55"/>
        <String CONTENT="La" HEIGHT="33" HPOS="741" ID="PAG_00000025_ST000177" STYLEREFS="TXT_1" VPOS="2564" WC="1" WIDTH="45"/>
        <SP HPOS="786" ID="PAG_00000025_SP000150" VPOS="2564" WIDTH="28"/>
        <String CONTENT="toilette" HEIGHT="33" HPOS="814" ID="PAG_00000025_ST000178" STYLEREFS="TXT_1" VPOS="2564" WC="1" WIDTH="135"/>
        <SP HPOS="949" ID="PAG_00000025_SP000151" VPOS="2564" WIDTH="26"/>
        <String CONTENT="de" HEIGHT="32" HPOS="975" ID="PAG_00000025_ST000179" STYLEREFS="TXT_1" VPOS="2564" WC="1" WIDTH="43"/>
        <SP HPOS="1018" ID="PAG_00000025_SP000152" VPOS="2563" WIDTH="27"/>
        <String CONTENT="Vénus." HEIGHT="34" HPOS="1045" ID="PAG_00000025_ST000180" STYLEREFS="TXT_1" VPOS="2563" WC="1" WIDTH="664"/>
        <SP HPOS="1709" ID="PAG_00000025_SP000153" VPOS="2561" WIDTH="59"/>
        <String CONTENT="XVI-N" HEIGHT="34" HPOS="1768" ID="PAG_00000025_ST000181" STYLEREFS="TXT_1" VPOS="2561" WC="1" WIDTH="132"/>
      </TextLine>
      <TextLine HEIGHT="38" HPOS="426" ID="PAG_00000025_TL000029" STYLEREFS="TXT_1" VPOS="2620" WIDTH="1477">
        <String CONTENT="44" HEIGHT="35" HPOS="426" ID="PAG_00000025_ST000182" STYLEREFS="TXT_1" VPOS="2623" WC="1" WIDTH="47"/>
        <SP HPOS="473" ID="PAG_00000025_SP000154" VPOS="2643" WIDTH="170"/>
        <String CONTENT="&#8212;" HEIGHT="5" HPOS="643" ID="PAG_00000025_ST000183" STYLEREFS="TXT_1" VPOS="2643" WC="0.66" WIDTH="46"/>
        <SP HPOS="689" ID="PAG_00000025_SP000155" VPOS="2623" WIDTH="50"/>
        <String CONTENT="Vénus" HEIGHT="34" HPOS="739" ID="PAG_00000025_ST000184" STYLEREFS="TXT_1" VPOS="2623" WC="1" WIDTH="124"/>
        <SP HPOS="863" ID="PAG_00000025_SP000156" VPOS="2623" WIDTH="26"/>
        <String CONTENT="désarmant" HEIGHT="33" HPOS="889" ID="PAG_00000025_ST000185" STYLEREFS="TXT_1" VPOS="2623" WC="1" WIDTH="203"/>
        <SP HPOS="1092" ID="PAG_00000025_SP000157" VPOS="2622" WIDTH="27"/>
        <String CONTENT="l'Amour" HEIGHT="33" HPOS="1119" ID="PAG_00000025_ST000186" STYLEREFS="TXT_1" VPOS="2622" WC="0.97" WIDTH="170"/>
        <SP HPOS="1289" ID="PAG_00000025_SP000158" VPOS="2622" WIDTH="58"/>
        <String CONTENT="XVI-N" HEIGHT="34" HPOS="1772" ID="PAG_00000025_ST000187" STYLEREFS="TXT_1" VPOS="2620" WC="1" WIDTH="131"/>
      </TextLine>
      <TextLine HEIGHT="39" HPOS="426" ID="PAG_00000025_TL000030" STYLEREFS="TXT_1" VPOS="2679" WIDTH="1650">
        <String CONTENT="45" HEIGHT="35" HPOS="426" ID="PAG_00000025_ST000188" STYLEREFS="TXT_1" VPOS="2683" WC="1" WIDTH="45"/>
        <SP HPOS="471" ID="PAG_00000025_SP000159" VPOS="2703" WIDTH="172"/>
        <String CONTENT="&#8212;" HEIGHT="4" HPOS="643" ID="PAG_00000025_ST000189" STYLEREFS="TXT_1" VPOS="2703" WC="0.66" WIDTH="42"/>
        <SP HPOS="685" ID="PAG_00000025_SP000160" VPOS="2680" WIDTH="54"/>
        <String CONTENT="Pastorale" HEIGHT="36" HPOS="739" ID="PAG_00000025_ST000190" STYLEREFS="TXT_1" VPOS="2680" WC="0.94" WIDTH="483"/>
        <SP HPOS="1222" ID="PAG_00000025_SP000161" VPOS="2680" WIDTH="1"/>
        <String CONTENT="III'1" HEIGHT="36" HPOS="1222" ID="PAG_00000025_ST000191" STYLEREFS="TXT_1" VPOS="2680" WC="0.94" WIDTH="289"/>
        <SP HPOS="1511" ID="PAG_00000025_SP000162" VPOS="2680" WIDTH="1"/>
        <String CONTENT="S." HEIGHT="36" HPOS="1511" ID="PAG_00000025_ST000192" STYLEREFS="TXT_1" VPOS="2680" WC="0.94" WIDTH="194"/>
        <SP HPOS="1705" ID="PAG_00000025_SP000163" VPOS="2679" WIDTH="31"/>
        <String CONTENT="Meubles" HEIGHT="35" HPOS="1736" ID="PAG_00000025_ST000193" STYLEREFS="TXT_1" VPOS="2679" WC="1" WIDTH="176"/>
        <SP HPOS="1912" ID="PAG_00000025_SP000164" VPOS="2679" WIDTH="28"/>
        <String CONTENT="XVIIIe" HEIGHT="34" HPOS="1940" ID="PAG_00000025_ST000194" STYLEREFS="TXT_1" VPOS="2679" WC="0.99" WIDTH="136"/>
      </TextLine>
      <TextLine HEIGHT="47" HPOS="424" ID="PAG_00000025_TL000031" STYLEREFS="TXT_1" VPOS="2739" WIDTH="1482">
        <String CONTENT="45" HEIGHT="35" HPOS="424" ID="PAG_00000025_ST000195" STYLEREFS="TXT_1" VPOS="2742" WC="1" WIDTH="45"/>
        <SP HPOS="469" ID="PAG_00000025_SP000165" VPOS="2753" WIDTH="28"/>
        <String CONTENT="a" HEIGHT="22" HPOS="497" ID="PAG_00000025_ST000196" STYLEREFS="TXT_1" VPOS="2753" WC="1" WIDTH="20"/>
        <SP HPOS="517" ID="PAG_00000025_SP000166" VPOS="2762" WIDTH="124"/>
        <String CONTENT="&#8212;" HEIGHT="5" HPOS="641" ID="PAG_00000025_ST000197" STYLEREFS="TXT_1" VPOS="2762" WC="0.66" WIDTH="40"/>
        <SP HPOS="681" ID="PAG_00000025_SP000167" VPOS="2742" WIDTH="55"/>
        <String CONTENT="L'oiseau" HEIGHT="34" HPOS="736" ID="PAG_00000025_ST000198" STYLEREFS="TXT_1" VPOS="2742" WC="1" WIDTH="160"/>
        <SP HPOS="896" ID="PAG_00000025_SP000168" VPOS="2742" WIDTH="28"/>
        <String CONTENT="pris" HEIGHT="44" HPOS="924" ID="PAG_00000025_ST000199" STYLEREFS="TXT_1" VPOS="2742" WC="1" WIDTH="69"/>
        <SP HPOS="993" ID="PAG_00000025_SP000169" VPOS="2741" WIDTH="27"/>
        <String CONTENT="dans" HEIGHT="34" HPOS="1020" ID="PAG_00000025_ST000200" STYLEREFS="TXT_1" VPOS="2741" WC="1" WIDTH="87"/>
        <SP HPOS="1107" ID="PAG_00000025_SP000170" VPOS="2741" WIDTH="28"/>
        <String CONTENT="les" HEIGHT="34" HPOS="1135" ID="PAG_00000025_ST000201" STYLEREFS="TXT_1" VPOS="2741" WC="1" WIDTH="49"/>
        <SP HPOS="1184" ID="PAG_00000025_SP000171" VPOS="2740" WIDTH="26"/>
        <String CONTENT="filets" HEIGHT="35" HPOS="1210" ID="PAG_00000025_ST000202" STYLEREFS="TXT_1" VPOS="2740" WC="0.99" WIDTH="136"/>
        <SP HPOS="1346" ID="PAG_00000025_SP000172" VPOS="2740" WIDTH="58"/>
        <String CONTENT="XVI-N" HEIGHT="34" HPOS="1774" ID="PAG_00000025_ST000203" STYLEREFS="TXT_1" VPOS="2739" WC="1" WIDTH="132"/>
      </TextLine>
      <TextLine HEIGHT="38" HPOS="423" ID="PAG_00000025_TL000032" STYLEREFS="TXT_1" VPOS="2798" WIDTH="1408">
        <String CONTENT="46" HEIGHT="35" HPOS="423" ID="PAG_00000025_ST000204" STYLEREFS="TXT_1" VPOS="2801" WC="1" WIDTH="46"/>
        <SP HPOS="469" ID="PAG_00000025_SP000173" VPOS="2822" WIDTH="172"/>
        <String CONTENT="&#8212;" HEIGHT="4" HPOS="641" ID="PAG_00000025_ST000205" STYLEREFS="TXT_1" VPOS="2822" WC="0.66" WIDTH="46"/>
        <SP HPOS="687" ID="PAG_00000025_SP000174" VPOS="2801" WIDTH="51"/>
        <String CONTENT="Vénus" HEIGHT="34" HPOS="738" ID="PAG_00000025_ST000206" STYLEREFS="TXT_1" VPOS="2801" WC="1" WIDTH="124"/>
        <SP HPOS="862" ID="PAG_00000025_SP000175" VPOS="2801" WIDTH="26"/>
        <String CONTENT="chez" HEIGHT="33" HPOS="888" ID="PAG_00000025_ST000207" STYLEREFS="TXT_1" VPOS="2801" WC="1" WIDTH="83"/>
        <SP HPOS="971" ID="PAG_00000025_SP000176" VPOS="2800" WIDTH="28"/>
        <String CONTENT="Vulcain." HEIGHT="34" HPOS="999" ID="PAG_00000025_ST000208" STYLEREFS="TXT_1" VPOS="2800" WC="1" WIDTH="713"/>
        <SP HPOS="1712" ID="PAG_00000025_SP000177" VPOS="2798" WIDTH="59"/>
        <String CONTENT="I-E" HEIGHT="34" HPOS="1771" ID="PAG_00000025_ST000209" STYLEREFS="TXT_1" VPOS="2798" WC="1" WIDTH="60"/>
      </TextLine>
      <TextLine HEIGHT="48" HPOS="423" ID="PAG_00000025_TL000033" STYLEREFS="TXT_1" VPOS="2857" WIDTH="1407">
        <String CONTENT="47" HEIGHT="35" HPOS="423" ID="PAG_00000025_ST000210" STYLEREFS="TXT_1" VPOS="2861" WC="1" WIDTH="45"/>
        <SP HPOS="468" ID="PAG_00000025_SP000178" VPOS="2881" WIDTH="172"/>
        <String CONTENT="&#8212;" HEIGHT="4" HPOS="640" ID="PAG_00000025_ST000211" STYLEREFS="TXT_1" VPOS="2881" WC="0.66" WIDTH="43"/>
        <SP HPOS="683" ID="PAG_00000025_SP000179" VPOS="2860" WIDTH="53"/>
        <String CONTENT="Le" HEIGHT="34" HPOS="736" ID="PAG_00000025_ST000212" STYLEREFS="TXT_1" VPOS="2860" WC="1" WIDTH="47"/>
        <SP HPOS="783" ID="PAG_00000025_SP000180" VPOS="2860" WIDTH="27"/>
        <String CONTENT="triomphe" HEIGHT="45" HPOS="810" ID="PAG_00000025_ST000213" STYLEREFS="TXT_1" VPOS="2860" WC="1" WIDTH="178"/>
        <SP HPOS="988" ID="PAG_00000025_SP000181" VPOS="2860" WIDTH="27"/>
        <String CONTENT="des" HEIGHT="33" HPOS="1015" ID="PAG_00000025_ST000214" STYLEREFS="TXT_1" VPOS="2860" WC="1" WIDTH="61"/>
        <SP HPOS="1076" ID="PAG_00000025_SP000182" VPOS="2859" WIDTH="27"/>
        <String CONTENT="Grâces" HEIGHT="36" HPOS="1103" ID="PAG_00000025_ST000215" STYLEREFS="TXT_1" VPOS="2859" WC="0.99" WIDTH="146"/>
        <SP HPOS="1249" ID="PAG_00000025_SP000183" VPOS="2859" WIDTH="62"/>
        <String CONTENT="1-0" HEIGHT="34" HPOS="1770" ID="PAG_00000025_ST000216" STYLEREFS="TXT_1" VPOS="2857" WC="1" WIDTH="60"/>
      </TextLine>
    </TextBlock>
    </PrintSpace>
    </Page>
  </Layout>
</alto>
