2254 3476
517 355 141 51 PARIS,
697 354 154 42 MUSÉE
884 354 238 41 NATIONAL
1155 365 59 29 DU
1248 352 184 41 LOUVRE
1724 346 50 44 11

179 485 66 35 128
345 485 146 41 Clouet,
521 483 192 45 François,
742 483 50 33 dit
818 482 208 43 Jehannet,
1067 493 43 22 ou
1139 481 127 35 Janet.
1297 485 105 41 (mort
1444 491 44 22 en

564 549 113 38 1572).
709 562 41 4 -
780 542 147 33 Portrait
967 542 42 33 de
1046 541 147 33 Charles
1238 540 61 41 IX,
1348 540 51 33 roi
1443 540 43 33 de

557 602 128 33 France
709 601 40 45 i
749 601 183 45 D'après)
1541 599 48 34 XI

179 675 66 34 129
420 695 36 2 —
510 674 147 33 Portrait
685 674 41 32 de
757 673 109 33 Henri
894 673 43 42 H,
967 673 50 33 roi
1051 673 42 32 de
1135 672 141 33 France.
1315 671 174 46 (D'aprèsi
1543 670 48 35 XI

180 746 66 35 130
416 767 44 3 —
512 745 147 33 Portrait
685 744 213 34 d'Elisabeth
925 743 219 42 d'Autriche,
1162 743 95 34 reine
1279 743 43 33 de
1346 742 141 43 France,

557 804 133 34 femme
718 804 42 33 de
788 803 146 34 Charles
962 803 48 33 IX
1039 801 447 47 (Attribué).
1545 801 47 34 XI

180 877 64 35 131
416 897 43 3 —
512 876 147 33 Portrait
685 876 42 32 de
757 875 161 42 François
945 875 43 33 de
1010 874 178 42 Lorraine,
1210 874 67 33 duc
1303 874 43 33 de
1368 873 121 42 Guise,

564 937 57 32 tué
648 947 43 21 au
718 935 93 45 siège
849 934 188 34 d'Orléans
1073 946 44 22 en
1161 933 99 46 1563.
1323 933 169 46 (réplique

559 994 226 46 présumée)
785 994 703 46 .,.,.
1546 993 48 34 XI

181 1068 64 34 131
273 1078 18 22 a
422 1088 40 3 —
518 1066 146 34 Portrait
685 1066 43 33 de
750 1066 110 33 Henri
870 1066 43 42 II,
932 1077 44 22 en
991 1066 99 33 buste
1108 1065 168 46 (réplique
1291 1066 149 44 présumée
1440 1066 51 44 1
1545 1064 47 35 XI

180 1139 68 35 132
419 1159 40 3 —
513 1138 147 33 Portrait
699 1138 42 33 de
785 1137 145 34 Charles
969 1137 61 42 IX,
1072 1149 43 22 en
1156 1138 113 41 buste,
1324 1136 169 46 (réplique

562 1196 924 46 présumée).
1545 1196 53 34 XI

182 1269 67 36 133
422 1290 39 2 —
516 1269 147 33 Portrait
685 1268 213 34 d'Elisabeth
917 1268 218 43 d'Autriche,
1164 1268 97 34 reine
1283 1268 43 34 de
1352 1268 140 43 France,

565 1328 133 34 femme
725 1329 43 33 de
796 1328 146 34 Charles
971 1328 61 42 IX,
1061 1339 44 23 en
1133 1328 113 42 buste,
1274 1339 84 23 avec
1385 1336 107 37 toque

565 1390 17 31 à
611 1388 136 45 plumes
776 1387 169 47 (réplique
973 1386 191 47 présumée)
1240 1386 38 47 -
1547 1387 48 34 XI

184 1460 66 35 133
276 1470 19 23 a
425 1480 40 3 —
519 1460 150 33 Portrait
690 1460 43 33 de
755 1459 134 34 Claude
906 1460 44 33 de
973 1460 152 42 Beaune,
1142 1459 105 34 dame
1262 1459 42 34 de
1317 1459 175 34 Château-

566 1520 101 42 brun,
681 1519 171 34 duchesse
863 1520 42 32 de
918 1519 182 34 Roannois
1114 1518 169 46 (réplique
1295 1518 199 46 présumée)
1548 1519 48 34 XI

184 1592 68 34 133
280 1593 17 31 b
419 1612 45 3 —
516 1591 147 34 Portrait
691 1591 42 33 de
759 1591 85 44 Jean
873 1591 134 42 Babou,
1037 1591 163 45 seigneur
1237 1591 43 33 de
1314 1591 30 33 la
1385 1590 109 34 Bour-

562 1651 157 41 daisière,
749 1650 175 34 maréchal
958 1650 141 45 général
1139 1650 42 34 de
1222 1650 186 34 l'artillerie
1449 1661 44 23 en

567 1709 86 45 1567
684 1709 208 46 (réplique
892 1709 208 46 présumée)
1554 1710 49 34 XI

162 1781 33 33 S.
226 1782 50 32 X"
429 1802 45 4 -
528 1782 137 33 Portrait
665 1782 62 33 de
747 1781 157 47 François
904 1781 69 47 Ier
973 1781 34 47 à
1007 1781 139 47 cheval;
1146 1781 174 47 miniature
1320 1781 87 47 (Ec.
1407 1781 92 47 de)
1553 1782 48 34 XI

160 1853 14 15 *
435 1874 38 3 —
527 1854 147 33 Portrait
721 1854 43 33 de
811 1854 110 33 Henri
964 1854 31 33 II
1074 1853 160 46 (d'après,
1300 1865 59 34 par
1419 1853 77 35 Gé-

567 1913 114 42 rôme)
1303 1914 100 34 IIlme
1430 1913 33 36 S.
1492 1914 47 35 de
1567 1914 38 34 la
1633 1913 224 36 Colonnade

188 1984 66 35 134
426 2005 39 2 —
519 1984 148 34 Portrait
716 1985 42 33 de
810 1984 106 34 Louis
958 1985 42 33 de
1052 1984 246 43 Saint-Gelais,
1352 1985 50 34 dit
1456 1986 43 33 de

568 2044 201 45 Lezignem,
804 2045 108 33 baron
955 2045 43 33 de
1038 2044 463 46 La-Mothe-Saint-Héraye

569 2103 162 45 seigneur
757 2104 42 33 de
827 2104 131 34 Lansac
988 2104 120 46 (Ecole
1135 2103 363 46 de).
1557 2105 48 34 XI

189 2174 66 34 135
355 2174 236 43 Cochereau,
614 2174 311 37 Léon-Mathieu.
950 2176 244 46 (1793-1817).
1228 2197 12 3 -
1263 2176 169 34 Intérieur
1458 2176 43 34 de

568 2234 141 35 l'atelier
735 2236 60 33 des
823 2236 115 33 élèves
964 2236 42 33 de
1035 2236 113 33 David
1175 2247 43 22 au
1258 2235 147 46 Collège
1443 2236 61 34 des

571 2294 132 40 Quatre
731 2295 162 42 Nations,
922 2297 17 31 à
969 2296 531 34 Paris.
1559 2296 100 34 III-E

165 2363 13 15 *
362 2364 172 44 Cogniet,
569 2364 113 36 Léon.
726 2368 32 43 (
758 2368 214 43 1794-1KN0).
1013 2387 45 4 —
1095 2366 173 34 Plafond:
1291 2367 213 45 Expédition

570 2425 170 45 d'Egypte
768 2437 82 22 sous
878 2426 48 34 les
966 2427 119 33 ordres
1126 2427 42 32 de
1209 2426 208 45 Bonaparte.
1462 2447 40 3 —

572 2484 169 35 Voussures
741 2484 51 35 :
837 2485 138 34 Bataille
1015 2486 210 40 d'Aboukir,
1268 2486 149 33 Révolte
1456 2486 47 33 du

571 2543 113 44 Caire,
713 2544 30 33 le
772 2545 138 34 Pardon
932 2557 66 21 aux
1026 2545 150 34 révoltés
1197 2546 46 32 du
1265 2544 115 43 Caire,
1404 2545 101 34 Peste

570 2603 42 33 de
638 2602 364 45 Jaffa.
1062 2604 32 35 S.
1131 2605 69 34 des
1226 2604 184 44 fresques
1447 2608 40 32 et
1513 2614 139 26 verres
1680 2607 184 43 antiques

195 2671 47 44 i^l)
366 2671 201 44 Constant,
596 2674 210 45 Benjamin.
836 2674 244 47 (1815-1902).
1117 2676 149 33 Portrait
1286 2675 79 35 d'A.
1388 2675 120 34 Chau-

574 2733 128 36 chard
1428 2735 91 36 Coll.
1549 2736 232 36 Chauchard
1810 2738 54 34 III

197 2800 65 35 137
362 2801 192 36 Corneille
600 2804 125 43 l'aîné,
772 2805 154 35 Michel.
951 2805 246 46 (16)2-1708).
1238 2826 44 4 —
1322 2806 46 34 Le
1405 2818 102 34 repos

577 2874 43 22 en
649 2862 138 46 Egypte
1103 2862 39 46 ,
1359 2862 39 46 ,
1560 2867 124 35 XIV-S
