2267 3476
430 332 29 44 8
777 337 144 53 PARIS,
958 339 158 43 MUSÉE
1149 341 242 43 NATIONAL
1426 357 60 29 DU
1520 344 186 44 LOUVRE

442 465 44 35 89
588 466 181 44 Chardin,
797 468 489 45 Jean-Baptiste-Siméon.
1317 471 247 49 (1699-1779).
1608 496 42 4 —
1692 476 46 34 La

802 528 83 43 raie,
914 540 47 22 ou
987 529 32 34 le
1046 530 79 34 chat
1152 531 87 34 dans
1266 532 30 34 le
1323 534 255 46 garde-manger
1794 538 131 34 XVI-N

442 585 45 35 90
659 608 41 2 —
755 587 47 34 Le
830 587 121 35 buffet.
1008 589 124 43 Fruits,
1161 591 103 34 chien
1292 601 33 25 et
1352 602 373 37 perroquet.
1783 597 132 34 XVI-N

443 646 45 35 90
513 657 19 22 a
663 668 42 2 —
760 647 161 35 L'enfant
948 660 43 22 au
1019 658 112 27 toton.
1185 651 150 35 Portrait
1362 653 42 33 de
1438 653 140 35 Gabriel
1619 654 119 35 Gode-

755 707 91 46 froy,
875 707 54 35 fils
955 710 99 33 cadet
1081 710 46 33 du
1155 711 145 46 joaillier
1327 712 67 34 Ch.
1425 713 307 47 Godefroy.
1791 716 131 34 XVI-N

443 767 44 35 90
515 767 17 33 b
661 788 41 3 —
758 768 46 33 Le
831 768 104 46 jeune
962 768 151 35 homme
1140 782 43 22 au
1210 772 133 33 violon.
1395 773 147 34 Portrait
1564 774 42 34 de
1629 774 108 34 Char-

803 827 51 34 les
881 828 199 47 Godefroy,
1110 830 88 34 frère
1225 833 78 33 aîné
1331 833 46 33 du
1406 834 322 44 précédent.
1787 836 132 33 XVI-N

443 887 41 35 91
659 908 42 3 —
756 888 46 33 La
830 890 96 32 mère
954 889 237 38 laborieuse
1792 895 131 34 XVI-N

443 947 43 35 92
659 968 42 3 —
756 948 46 33 Le
830 948 236 40 bénédicité
1792 955 130 34 XVI-N

442 1007 44 35 93
661 1028 40 3 —
756 1008 46 33 Le
830 1009 235 39 bénédicité
1789 1014 60 34 1-0

443 1067 45 35 94
659 1088 45 4 —
757 1068 108 45 Lapin
894 1077 93 26 mort
1014 1078 33 25 et
1074 1071 185 34 ustensiles
1287 1072 42 33 de
1356 1072 376 35 chasse.
1791 1074 123 35 XVI-S

491 1963 50 34 S.
541 1963 68 34 N°
959 1965 146 33 CHARDIN

1324 1976 42 35 92
1824 1965 144 32 CHARDIN

444 2034 44 35 95
589 2035 180 43 Chardin,
797 2035 485 44 Jean-Baptiste-Siméon.
1313 2036 248 47 (1699-1779).
1588 2058 16 3 -
1628 2037 108 33 Menu

804 2096 43 33 de
882 2096 842 44 maigre.
1782 2096 131 34 XVI-N

444 2153 44 35 96
661 2176 40 2 —
755 2155 109 33 Menu
891 2156 43 32 de
967 2166 761 34 gras.
1786 2156 130 33 XVI-N

444 2213 44 35 97
661 2235 41 3 —
757 2215 46 33 Le
831 2215 99 45 singe
957 2215 747 45 antiquaire.
1786 2214 123 35 XVI-S

445 2273 44 34 98
664 2295 41 3 —
761 2274 65 34 Les
853 2275 160 33 attributs
1040 2275 61 33 des
1128 2283 600 26 arts.
1786 2274 124 34 XVI-S

444 2333 44 34 99
670 2354 35 3 —
760 2334 46 34 La
833 2345 894 34 pourvoyeuse,.
1784 2333 131 35 XVI-N

422 2392 67 35 100
661 2414 42 3 —
759 2394 65 34 Les
850 2394 160 33 attributs
1037 2394 43 33 de
1107 2393 30 33 la
1166 2394 565 45 musique.
1790 2393 123 34 XVI-S

423 2452 64 35 101
664 2453 41 35 —
705 2453 252 35 Ustensiles
983 2454 122 34 variés.
1159 2453 84 45 Pipe
1271 2462 33 25 et
1329 2464 99 23 vases
1467 2455 18 31 à
1527 2453 108 43 boire,
1677 2464 58 24 sur

805 2524 70 22 une
903 2513 90 33 table
1020 2513 43 33 de
1090 2513 639 45 pierre.
1787 2511 131 34 XVI-N

422 2572 66 34 102
661 2593 42 3 —
757 2573 125 33 Panier
909 2573 43 33 de
979 2572 127 45 pêches
1133 2584 58 22 sur
1217 2584 70 22 une
1314 2572 90 34 table
1430 2572 43 33 de
1501 2572 113 44 pierre
1786 2570 130 34 XVI-N

423 2631 66 35 103
663 2652 41 4 —
759 2632 46 33 Le
832 2632 146 34 château
1006 2632 43 33 de
1076 2640 650 26 cartes.
1785 2630 59 34 1-0

422 2690 68 35 104
662 2712 42 3 —
758 2691 46 34 Le
831 2692 99 44 singe
957 2691 770 45 peintre.
1786 2689 60 34 I-E

423 2750 66 35 105
662 2771 42 3 —
757 2751 134 42 Melon,
920 2751 114 44 poires
1061 2759 33 25 et
1121 2750 145 45 pêches
1784 2748 60 35 1-0

423 2809 66 35 106
661 2830 41 4 —
755 2810 138 33 Raisins
920 2819 33 25 et
974 2810 333 45 grenades.
1307 2810 41 45 ,
1783 2808 62 34 1-0

423 2869 66 34 107
662 2890 40 3 —
757 2869 46 33 Le
831 2869 98 34 bocal
955 2869 770 34 d'olives.
1784 2867 59 34 1-0
