2236 3481
434 357 59 45 30
775 360 146 51 PARIS,
958 360 157 42 MUSÉE
1147 361 239 42 NATIONAL
1423 375 59 28 DU
1517 362 183 41 LOUVRE

420 489 69 35 305
618 490 238 43 Fromentin,
887 489 168 46 Eugène.
1092 489 249 47 (1820-1870).
1371 512 45 3 —
1443 492 128 32 Chasse
1599 502 42 22 au
1669 492 74 32 fau-

805 561 64 22 con
899 562 41 20 en
969 551 154 44 Algérie;
1154 551 31 31 la
1213 550 170 46 curée
1383 550 56 46 E
1439 550 85 46 F.
1524 550 142 46 XIXe
1666 550 85 46 S.
1751 550 85 46 2e
1836 550 170 46 étage
2006 550 90 46 II

419 608 69 35 306
660 629 46 4 —
759 610 41 32 Le
828 615 223 38 campement
1079 610 184 45 arabe
1263 610 92 45 E.
1355 610 92 45 F.
1447 610 153 45 XIXe
1600 610 92 45 S.
1692 610 123 45 1er
1815 610 184 45 étage
1999 610 96 45 II

420 667 68 36 307
659 689 46 4 —
758 670 159 31 Femmes
939 669 233 45 égyptiennes
1193 681 42 21 au
1258 671 84 32 bord
1364 671 46 31 du
1432 670 53 32 Nil
1540 670 35 34 E.
1605 670 34 34 F.
1667 670 98 34 XIXe
1793 670 32 34 S.
1854 670 36 34 2e
1918 669 114 46 étage
2061 671 35 34 II

398 727 92 36 2876
662 748 46 4 —
759 729 129 32 Chasse
916 740 43 21 au
989 729 743 34 fducon.
1788 730 36 34 T.
1853 730 37 34 T.

398 787 92 36 2877
662 808 46 4 —
760 789 100 32 Halte
888 789 41 32 de
957 789 777 36 cavaliers.
1791 790 36 33 T.
1856 790 37 34 T.

408 847 80 46 (62)
665 867 46 4 —
763 849 99 32 Halte
890 849 41 32 de
960 849 165 32 cavaliers
1152 850 481 32 arabes.
1691 848 89 35 Coll.
1811 849 241 43 Chauchard,
2081 849 15 34 1

406 906 81 47 (63)
663 927 47 4 —
762 908 42 32 La
832 908 598 45 fantasia
1430 908 133 45 —
1563 908 533 45 galerie

394 967 15 17 *
619 966 173 44 Garnier,
822 966 451 47 Etienne-Barthélemy.
1298 967 249 46 (17=10-1849).
1578 988 45 3 —
1661 969 80 31 Her-

807 1028 77 32 cule
911 1029 172 32 obtenant
1111 1028 41 32 de
1181 1028 107 32 Diane
1322 1028 28 32 la
1381 1028 101 32 biche
1519 1039 65 21 aux
1620 1038 120 22 cornes

803 1086 84 34 d'or.
944 1087 158 33 Peinture
1139 1088 87 32 dans
1266 1099 45 21 un
1340 1088 60 32 des
1428 1092 167 39 tympans
1631 1088 41 32 de
1709 1088 30 31 la

805 1147 658 33 voûte.
1521 1146 32 35 S.
1584 1156 171 35 grecque
1785 1156 49 25 ou
1862 1146 46 35 de
1938 1146 157 35 Phidias

394 1206 16 16 *
616 1205 168 43 Gassies,
812 1206 260 35 Jean-Bruno.
1099 1205 257 47 (178Ó-IS12).
1356 1205 259 47 -AlIégories
1642 1207 41 32 de
1711 1207 29 32 la

807 1265 89 43 Paix,
926 1266 42 32 de
996 1267 31 31 la
1049 1266 143 42 Justice,
1223 1267 42 32 de
1292 1267 31 32 la
1352 1268 100 32 Force
1480 1271 32 29 et
1539 1267 42 32 de
1608 1267 30 32 la
1667 1266 69 33 Loi.

807 1325 127 33 Génies
981 1326 235 43 symbolisant
1263 1327 49 31 les
1349 1326 165 42 sciences,
1563 1327 48 32 les
1656 1331 80 33 arts,

808 1385 249 44 l'agriculture,
1100 1386 30 32 le
1170 1397 206 22 commerce.
1451 1387 193 32 Voussures
1692 1386 45 32 du

810 1445 618 43 plafond.
1485 1445 31 35 S.
1546 1445 180 35 mobilier
1754 1444 51 35 du
1832 1444 114 34 XVIIe
1974 1443 120 36 siècle

461 2111 68 35 314
1135 2102 120 32 GELLEE

1393 2106 68 39 31b
1868 2105 121 31 GELLEE

421 2172 68 35 310
616 2172 140 44 Gellée,
787 2173 154 42 Claude,
970 2173 49 32 dit
1048 2172 143 35 Claude
1220 2172 172 34 Lorrain.
1423 2172 247 47 (1000-1082).
1693 2194 46 4 —

806 2233 73 32 Vue
908 2232 84 33 d'un
1022 2237 88 38 port;
1141 2233 77 32 effet
1247 2233 41 31 de
1317 2232 94 32 soleil
1442 2232 116 33 levant
1787 2232 122 35 XIV-S

421 2291 65 35 311
661 2311 45 5 —
757 2293 73 31 Vue
857 2292 46 32 du
933 2291 314 43 Campo-Vaccino,
1277 2295 17 28 à
1324 2292 107 31 Rome
1786 2291 122 35 XIV-S

421 2350 68 35 312
661 2371 46 4 —
759 2352 41 31 La
830 2351 66 33 fète
924 2351 205 45 villageoise
1785 2351 131 34 XIV-N

420 2410 68 34 313
660 2430 45 4 —
757 2411 52 32 Un
840 2416 74 37 port
942 2411 46 32 du
1019 2422 70 21 mer
1115 2422 42 20 au
1187 2410 95 33 soleil
1312 2410 174 32 couchant
1785 2410 130 34 XIV-N

421 2469 69 35 314
661 2489 46 4 —
760 2471 41 31 Le
829 2470 275 42 débarquement
1132 2470 41 32 de
1201 2469 179 43 Cléopâtre
1407 2472 17 29 à
1453 2469 102 32 Tarse
1785 2469 132 34 XIV-N

421 2528 67 35 315
660 2549 45 4 —
758 2529 108 32 David
895 2529 91 33 sacré
1015 2529 45 33 roi
1090 2540 58 31 par
1175 2529 138 32 Samuel
1787 2527 123 35 XIV-S

421 2588 68 34 316
660 2607 46 5 —
759 2589 124 43 Ulysse
913 2593 105 28 remet
1046 2588 163 43 Chryséis
1236 2591 17 29 à
1282 2599 61 21 son
1373 2588 355 41 père.
1784 2587 130 33 XIV-N

421 2647 67 35 317
661 2666 45 5 —
757 2648 72 32 Vue
857 2648 83 32 d'un
971 2652 74 38 port
1073 2648 41 31 de
1144 2657 82 31 mer;
1256 2647 78 32 effet
1361 2647 41 31 de
1431 2646 95 33 soleil
1561 2646 89 33 voilé
1679 2657 57 32 par

805 2718 67 21 une
900 2708 69 31 bru
969 2708 762 31 me.
1787 2704 123 35 XIV-S

420 2765 67 35 318
658 2784 45 4 —
756 2766 52 31 Un
838 2770 75 38 port
940 2766 42 31 de
1011 2776 70 21 mer
1787 2763 122 35 XIV-S

418 2824 68 35 319
656 2843 45 4 —
752 2824 975 33 Marine.
1782 2823 132 33 XIV-N

418 2884 68 34 320
656 2902 45 4 —
753 2884 154 43 Paysage
1784 2881 131 34 XIV-N
