2254 3458
513 346 142 51 PARIS,
692 346 162 42 MUSÉE
887 347 238 41 NATIONAL
1159 360 58 28 DU
1252 347 187 42 LOUVRE
1679 345 88 43 J39

141 475 90 35 2079
354 475 166 42 Rubens,
550 476 316 34 Petrus-Paulus.
897 475 30 46 (
927 475 30 46 i
957 475 184 46 >77-16401.
1173 497 41 3 —
1262 478 42 31 La
1332 477 133 44 Vierge,

542 535 151 33 l'Enfant
704 536 99 41 Jésus
819 540 32 28 et
869 547 45 21 un
934 546 89 34 ange
1044 547 43 21 au
1112 535 119 33 milieu
1254 536 106 33 d'une
1383 536 91 45 guir-

542 595 100 32 lande
663 596 41 31 de
732 595 118 32 fleurs.
876 594 73 46 (Par
976 596 143 32 Rubens
1146 604 32 25 et
1200 597 61 40 Jan
1286 595 181 45 Brueghel)
1520 596 101 34 XVII

139 653 91 35 2080
400 674 40 4 —
495 655 40 31 La
564 654 84 33 fuite
675 666 41 20 en
746 655 132 43 Egypte
905 665 43 21 au
976 654 81 33 clair
1082 656 42 31 de
1152 656 93 31 lune.
1277 656 114 45 (Ecole
1412 656 54 34 de.

540 714 133 43 d'après
701 724 69 23 une
797 714 233 43 composition
1059 714 409 35 d'Elsheimer\,.
1524 716 145 34 XXXIV

140 772 88 35 2081
401 793 39 4 —
494 774 42 31 La
563 773 223 33 résurrection
814 773 42 32 de
884 774 257 33 Lazare.
1141 774 327 33 o.,..
1524 775 148 34 XXXIV

139 831 91 35 2082
398 852 45 4 —
496 833 40 31 Le
563 832 114 34 Christ
703 844 42 21 en
773 832 693 36 croix.,.
1523 834 47 35 VI
1598 839 48 30 tr.
1676 835 74 34 E-N

139 890 91 35 2083
400 912 40 3 —
495 892 51 43 Le
546 892 171 43 triomphe
732 892 53 45 de
785 892 53 45 la
838 892 159 45 religion
997 892 214 45 (ParRubens
1223 898 32 28 et
1268 893 203 46 sesélèves).
1525 895 48 33 VI
1600 899 49 30 tr.
1678 893 67 35 E-S

139 949 92 35 2084
400 971 41 3 —
493 951 199 44 Thomyris,
723 951 89 33 reine
832 952 61 31 des
914 952 159 43 Scythes,
1104 952 59 33 fait
1185 954 143 44 plonger
1351 955 29 31 la
1402 955 69 32 tête

542 1012 41 31 de
610 1011 111 43 Cyrus
747 1011 87 32 dans
863 1022 44 21 un
936 1022 80 21 vase
1045 1012 118 42 rempli
1193 1013 41 32 de
1262 1024 88 34 sang
1523 1013 48 34 VI
1598 1018 49 30 tr.
1677 1013 67 35 E-S

686 1123 139 22 HISTOIRE
853 1123 37 21 DE
918 1123 97 22 MARIE
1043 1123 37 22 DE
1108 1111 139 35 MÉDICIS.

142 1207 90 35 2085
404 1228 39 4 —
499 1209 41 32 La
567 1208 154 33 destinée
749 1209 41 31 de
818 1207 102 33 Marie
948 1208 42 32 de
1018 1208 449 36 Médicis.,.,.,
1523 1212 118 34 XVIII

140 1267 92 35 2086
401 1288 45 4 —
495 1268 185 33 Naissance
706 1269 42 31 de
776 1268 103 32 Marie
905 1268 41 31 de
969 1267 495 36 Médicis,.,.
1521 1272 99 33 XVII

210 1976 86 33 2075
896 1970 125 32 RUBENS

1155 2090 87 22 2112
1615 2079 124 31 RUBENS

145 2162 91 35 2087
359 2163 166 43 Rubens,
564 2165 313 36 Petrus-Paulus.
913 2165 245 47 (1577-16401.
1197 2185 42 3 —
1284 2163 190 33 Education

548 2225 46 32 de
618 2224 101 33 Marie
747 2226 41 32 de
816 2226 653 34 Médicis.,..o.,.
1525 2221 100 34 XVII

147 2281 91 35 2088
410 2302 40 4 -
504 2283 100 33 Henri
635 2285 38 30 IV
702 2285 103 43 reçoit
832 2286 30 31 le
890 2285 140 43 portrait
1057 2286 42 32 de
1128 2283 102 34 Marie
1251 2284 42 32 de
1321 2282 155 33 Médicis.
1531 2281 118 34 XVIII

148 2340 90 35 2089
407 2362 43 5 —
504 2343 147 45 Mariage
678 2344 41 32 de
747 2344 102 33 Marie
877 2345 41 32 de
947 2344 143 33 Médicis
1117 2354 80 22 avec
1228 2342 100 33 Henri
1360 2343 38 30 IV
1532 2341 117 33 XVIII

147 2399 91 35 2090
406 2421 45 4 -
502 2401 285 43 Débarquement
815 2398 41 38 de
885 2404 102 32 Marie
1014 2405 42 31 de
1085 2402 143 34 Médicis
1254 2413 42 21 au
1335 2406 74 38 port
1435 2402 42 31 de

552 2462 180 41 Marseille,
762 2464 36 34 le
798 2464 38 34 3
868 2465 188 31 novembre
1091 2464 85 31 1600
1202 2489 273 5 O","
1531 2460 119 34 XVIII

148 2518 88 34 2091
410 2540 39 3 —
502 2521 169 44 Allégorie
700 2533 56 22 sur
783 2523 29 31 le
842 2522 150 45 mariage
1019 2522 42 32 de
1095 2521 101 33 Henri
1227 2521 39 31 IV
1293 2531 82 22 avec
1404 2521 74 31 Ma-

551 2580 44 32 rie
622 2581 41 32 de
692 2581 154 35 Médicis,
877 2581 171 43 accompli
1077 2585 17 28 à
1135 2582 94 42 Lyon
1267 2581 30 31 le
1340 2590 35 31 17
1415 2579 63 33 dé-

551 2641 135 31 cembre
720 2642 546 32 1600.,.
1266 2642 94 32 o.
1360 2642 114 32 o.,.
1530 2639 118 34 XVIII

149 2695 91 35 2092
412 2717 39 3 —
503 2698 185 33 Naissance
714 2700 42 31 de
784 2700 103 32 Louis
915 2701 69 31 XIII
1014 2703 18 29 à
1061 2699 287 41 Fontainebleau,
1376 2699 31 32 le
1436 2709 40 31 27

554 2760 192 40 septembre
781 2759 77 31 1601
1142 2786 111 6 o.
1253 2786 111 6 o.
1364 2786 112 6 o.,.
1532 2758 119 34 XVIII

151 2813 91 36 2093
410 2835 44 4 -
507 2816 101 32 Henri
639 2817 39 31 IV
707 2821 71 39 part
819 2828 84 32 pour
942 2818 30 31 la
1012 2828 118 34 guerre
1168 2817 241 44 d'Allemagne
1448 2823 32 28 et

556 2875 112 33 confie
688 2879 18 29 à
727 2877 30 31 la
780 2876 90 32 reine
892 2877 29 31 le
938 2881 274 40 gouvernement
1232 2877 47 32 du
1302 2887 176 33 royaume.
1533 2877 118 34 XVIII
