2281 3476
531 331 142 50 PARIS,
710 330 155 42 MUSÉE
897 329 239 42 NATIONAL
1171 341 59 29 DU
1264 328 184 42 LOUVRE
1688 325 86 44 167

149 474 90 35 2635
359 473 286 41 Wouwerman,
675 472 140 34 Pieter.
846 470 243 35 (1621-1682*.
1132 491 38 3 —
1200 472 72 31 Vue
1293 471 41 32 de
1357 471 29 31 la
1409 474 77 29 tour

551 549 31 28 et
610 545 42 31 de
681 545 28 30 la
739 548 93 38 porte
859 544 41 31 de
928 543 111 40 Nesle,
1068 546 16 28 à
1115 542 100 36 Paris,
1246 553 74 21 vers
1347 540 126 43 1664..
1531 541 119 34 XXIII

148 616 90 35 2636
359 616 205 44 Wynants,
592 615 83 34 Jan.
706 614 30 34 i
736 614 153 34 1625-1682
889 614 63 34 ).
986 635 35 2 —
1056 614 120 32 Lisière
1204 614 41 32 de
1273 614 85 32 forêt
1524 613 113 34 XXIV

149 675 90 35 2637
411 696 38 2 -
505 676 163 43 Paysage.
726 673 74 45 (Les
837 673 128 45 figures
1005 678 78 28 sont
1122 673 175 33 D'ADRIAEN
1341 684 64 21 VAN
1440 684 37 21 DE

551 733 925 36 VELDE.).
1532 731 114 34 XXIV

148 805 91 35 2638
410 826 37 2 -
503 806 163 42 Paysage.
732 806 75 40 (Les
845 804 127 44 figures
1009 809 79 28 sont
1126 804 178 33 D'ADRIAEN
1340 814 64 22 VAN
1441 814 37 21 DE

552 865 498 32 VELDE.
1050 865 423 32 o.
1529 862 116 34 XXIII

148 924 91 35 2639
360 924 206 44 Wyntrak,
596 924 128 34 Dirck.
724 924 148 34 lavant
907 922 227 44 1625-1678).
1167 943 37 3 —
1238 924 40 31 La
1308 923 97 33 ferme
1527 921 113 35 XXVI

360 984 179 40 Zeeman;
568 983 75 33 voir
670 983 152 42 Nooms,
851 982 167 35 Reinier.

149 1043 91 35 2640
365 1043 150 35 Zustris
542 1055 44 20 ou
610 1042 162 42 Sustris,
788 1043 195 42 Frederik,
1005 1043 50 32 dit
1078 1042 208 44 Frederigo
1314 1041 38 35 di
1373 1042 107 34 Lam-

551 1102 112 35 berto
689 1114 87 33 (vers
804 1112 84 32 1520
910 1114 44 21 ou
984 1101 109 35 1526-1
1093 1101 79 35 soi
1200 1114 44 20 ou
1267 1113 74 21 vers
1367 1101 115 45 1590).

554 1182 40 3 —
623 1162 116 32 Vénus
767 1171 30 24 et
825 1162 647 33 )'Amour.
1528 1160 112 34 XXXI

148 1222 91 35 2197
363 1214 112 43 École
495 1220 259 44 hollandaise,
769 1222 202 34 deuxième
992 1221 133 35 moitié
1146 1221 50 34 du
1214 1221 108 34 XVlIle
1344 1221 132 34 siècle.

553 1302 40 2 —
623 1282 124 31 Scènes
775 1282 40 31 de
844 1282 29 31 la
901 1282 116 32 Sainte
1047 1281 430 33 Famine.
1533 1280 114 33 XXIX

148 1342 31 31 S.
209 1342 44 31 N"
362 1333 112 43 École
496 1341 256 42 hollandaise,
776 1344 336 32 commencement
1133 1341 50 34 du
1201 1340 126 34 XVIme
1349 1340 129 34 siècle.

552 1420 43 4 —
625 1402 40 30 Le
693 1401 114 33 Christ
835 1401 176 32 couronné
1038 1400 157 43 d'épines
1222 1406 32 27 et
1292 1401 29 31 la
1359 1400 121 44 Vierge

551 1461 40 31 de
619 1461 207 33 doulcur
929 1461 310 33 o.
1239 1461 235 33 o.
1530 1459 94 33 XXX

149 1519 91 35 2205
361 1512 112 42 École
519 1520 246 34 hollandaise
815 1520 50 34 du
902 1520 122 34 XVlllle
1071 1520 129 34 siècle.
1243 1540 40 3 —
1336 1519 145 33 Portrait

551 1580 178 32 d'homme
758 1585 119 28 tenant
907 1592 43 20 un
974 1580 216 33 œillet.
1190 1580 64 33 "o
1527 1579 94 33 XXX

149 1637 85 35 2641
234 1637 51 35 b
409 1659 40 3 —
504 1639 138 33 Portrait
670 1639 177 33 d'homme
876 1640 61 44 âgé
965 1641 93 33 (-le
1058 1641 93 33 -,:!
1528 1638 112 34 XXXI

151 1697 88 35 2641
268 1710 16 19 r
368 1690 113 43 École
510 1699 45 34 de
601 1699 37 34 la
676 1699 116 42 Frise,
829 1699 128 34 XVIme
1000 1698 133 36 siècle.
1184 1720 40 2 —
1273 1701 138 30 Femme
1448 1704 32 28 et

551 1759 925 33 cnfant.
1532 1758 94 33 XXX

150 1817 32 32 S.
212 1817 44 31 N"
365 1811 112 41 École
523 1817 244 36 hollandaise
806 1818 50 35 du
892 1819 147 33 XVII""
1076 1817 131 36 siècle.
1256 1839 31 2 —
1339 1818 141 33 Portrait

552 1878 177 32 d'homme
757 1878 62 44 âgé
847 1879 40 31 de
915 1887 41 32 45
987 1877 154 44 ans
1141 1877 232 44 Coll.
1373 1877 466 44 Schlichting

151 1936 31 31 S.
212 1936 86 34 N"
298 1936 57 34 —
355 1936 291 34 Portrait
674 1937 804 34 d'homme.
1534 1937 113 34 XXVI

151 2000 91 35 2324
421 2022 31 4 -
504 2003 72 31 Vue
598 2004 41 31 de
668 2004 28 30 la
724 2004 147 32 colonne
899 2004 144 45 Trajane
1072 2008 31 28 et
1130 2005 41 31 de
1196 2004 132 45 l'église
1348 2004 133 32 Sainte-

555 2062 102 33 Marie
684 2064 41 31 de
754 2064 143 36 Lorette,
927 2067 17 28 à
973 2065 505 32 Rome.
1535 2062 112 35 XXVI

152 2119 33 34 S.
215 2121 44 32 N"
367 2121 114 35 Ecole
528 2122 45 34 de
611 2122 227 43 Dordrecht,
884 2123 81 34 XVII
965 2123 65 34 me
1068 2122 131 36 siècle.
1244 2143 46 4 —
1326 2125 42 30 La
1405 2123 77 33 bai-

555 2183 126 43 gnade
807 2183 63 43 00
1038 2183 63 43 00
1101 2183 317 43 00.
1475 2181 121 44 Coll.
1596 2181 243 44 Schlichting

153 2238 90 35 1996
365 2235 109 40 École
491 2241 243 35 hollandaise
752 2242 49 34 du
819 2242 81 34 XVII
900 2242 65 34 me
987 2243 132 35 siècle,
1144 2253 91 25 sous
1256 2243 219 34 l'influence

558 2301 200 35 italienne.
789 2322 39 3 —
858 2302 171 33 Animaux
1056 2304 87 31 dans
1172 2314 46 21 un
1248 2313 152 34 paysage
1533 2301 61 35 1-0
