2263 3446
522 330 143 51 PARIS,
703 330 155 42 MUSÉE
890 330 236 42 NATIONAL
1162 341 57 29 DU
1254 328 184 41 LOUVRE
1700 325 87 44 143

160 473 90 35 2159
371 472 172 41 Teniers,
573 471 130 42 David,
731 472 51 32 dit
803 472 36 34 le
860 471 127 45 jeune.
1009 470 245 46 (IÔIO-I6QO).
1286 491 41 3 —
1358 472 41 30 La
1423 471 64 32 fête

561 532 41 32 de
629 531 138 44 village.
795 532 128 44 (Grand
946 529 432 47 exemplaire)
1378 529 108 47 VI
1486 529 144 47 tr.
1630 529 144 47 E-N

158 591 91 36 2160
419 612 40 2 —
513 592 52 32 Un
594 592 135 31 cabaret
757 590 92 43 près
849 590 111 43 d'une
960 590 520 43 rivière.
1540 589 146 34 XXXIV

159 651 88 35 2161
418 670 44 4 -
515 652 40 30 La
583 651 106 31 danse
716 661 41 21 au
788 661 60 21 son
876 650 105 32 d'une
1009 661 216 21 cornemuse.
1258 649 102 45 (Petit
1382 660 110 21 exem-

562 708 923 46 phire).
1541 708 146 34 XXXIV

159 769 90 35 2162
418 789 44 3 —
515 770 40 31 La
584 769 105 43 partie
716 769 41 32 de
785 773 107 29 cartes
919 769 87 32 dans
1036 780 67 21 une
1131 769 217 32 hôtellerie..
1348 769 134 32 o.
1537 768 147 33 XXXIV

158 829 91 35 2162
275 841 18 20 a
418 849 39 2 —
513 828 162 33 Intérieur
701 829 41 32 de
770 829 139 32 cabaret
1542 827 101 34 XVII

158 888 85 35 2162
243 888 51 35 b
419 908 37 3 —
513 889 59 31 Les
598 890 142 43 joueurs
766 888 42 32 de
836 888 649 41 hoquet.
1541 887 146 33 XXXIV

158 947 90 35 2163
420 968 39 3 —
514 947 52 43 Le
566 947 208 43 tête-à-tête
774 947 122 43 épié.
952 946 184 46 (Attribué)
1541 946 145 34 XXXIV

158 1007 91 35 2163
276 1020 17 20 a
418 1028 43 3 —
515 1007 164 33 L'arrivée
706 1007 105 33 d'une
834 1007 124 33 récolte
986 1008 41 32 de
1055 1007 159 45 légumes
1241 1015 32 25 et
1300 1008 41 31 de
1375 1006 111 33 fruits.
1540 1006 147 34 XXXIV

158 1067 92 34 2164
421 1088 39 1 —
515 1067 206 32 L'Archiduc
751 1067 148 43 Léopold
928 1070 17 29 à
974 1067 48 33 la
1022 1067 130 33 chasse
1180 1078 42 21 au
1251 1065 182 35 héron
1433 1065 91 35 VI
1524 1065 121 35 tr.
1645 1065 124 35 E-N

159 1126 90 35 2165
418 1147 45 3 —
516 1128 39 30 Le
579 1127 904 33 fumeur.
1540 1125 146 34 XXXIV

157 1186 91 35 2166
417 1206 44 3 —
514 1187 40 31 Le
581 1186 479 33 rémouleur.
1060 1186 422 33 o.
1538 1185 149 34 XXXIV

158 1245 90 35 2167
421 1266 38 2 —
515 1247 40 31 Le
581 1247 123 44 joueur
731 1246 41 32 de
799 1256 685 22 cornemuse.
1540 1244 147 34 XXXIV

158 1305 90 34 2169
421 1326 39 2 —
515 1306 59 31 Les
602 1306 137 33 bulles
739 1306 58 33 de
797 1306 254 33 savon.
1051 1306 196 33 o.
1247 1306 237 33 o.,.
1540 1304 146 34 XXXIV

157 1364 92 35 2170
418 1384 44 4 -
515 1364 56 45 La
571 1364 94 45 fête
665 1364 817 45 villageoise.
1539 1363 127 34 XXXV

158 1424 88 34 2171
418 1444 43 3 —
514 1425 40 31 Le
581 1425 82 32 duo.
696 1423 101 46 (Petit
824 1423 226 44 exemplaire)
1542 1423 127 34 XXXV

158 1483 90 34 2172
417 1504 45 3 —
515 1483 42 32 Le
587 1484 135 32 fumeur
749 1484 146 32 accoudé
895 1484 183 32 .,
1078 1484 406 32 .,..
1541 1482 126 34 XXXV

158 1542 91 35 2173
416 1563 45 3 —
513 1544 40 31 Le
580 1544 82 32 duo.
694 1543 128 45 (Grand
842 1542 645 46 exemplaire).,.
1542 1541 126 34 XXXV

158 1602 92 34 2174
420 1622 39 3 —
515 1603 40 31 La
583 1604 107 31 danse
711 1614 42 21 au
777 1614 61 21 son
861 1602 105 33 d'une
982 1613 216 23 cornemuse.
1225 1601 130 46 (Grand
1377 1613 113 21 exem-

561 1661 923 46 plaire).,.,.,.,.,.
1541 1661 128 34 XXXV

158 1721 90 34 2175
420 1742 39 2 —
514 1723 60 31 Les
600 1722 82 33 trois
710 1722 155 32 fumeurs
1542 1720 126 34 XXXV

158 1780 91 35 2176
419 1801 40 3 —
512 1781 186 34 Tentation
726 1782 41 32 de
796 1781 90 33 saint
918 1781 151 33 Antoine
1097 1792 57 32 par
1193 1780 163 33 l'ivresse.
1389 1780 101 46 (Petit

560 1840 218 46 exemplaire)
1541 1840 127 33 XXXV

158 1899 91 35 2177
421 1920 38 3 —
514 1900 44 33 Le
586 1901 137 32 fumeur
749 1912 42 21 au
821 1905 139 29 tonneau
960 1905 522 29 .,..
1538 1899 127 34 XXXV

158 1959 91 35 2178
419 1980 40 3 —
514 1961 41 31 Le
580 1962 124 44 joueur
731 1961 41 32 de
801 1960 682 45 guitare.
1539 1959 126 34 XXXV

158 2018 91 35 2179
420 2039 39 3 -
514 2020 40 31 Le
582 2020 901 41 quêteur.
1539 2018 127 34 XXXV

158 2077 92 35 2180
418 2098 43 4 —
514 2080 59 31 Les
597 2081 143 43 joueurs
766 2080 42 32 de
836 2081 648 31 boule.,.,.
1541 2077 125 34 XXXV

159 2136 88 35 2181
420 2158 40 3 —
514 2139 132 32 Buveur
672 2143 33 29 et
732 2139 752 34 fumeur.,.,.
1540 2136 126 34 XXXV

159 2202 91 34 2182
420 2223 40 3 —
514 2203 121 35 L'été.
635 2203 850 35 o.,.,.,.,.
1541 2202 126 34 XXXV

159 2267 91 36 2183
418 2289 45 3 —
515 2269 124 35 L'hiver..
639 2269 24 35 ,
687 2269 24 35 ,
760 2269 24 35 ,
920 2269 24 35 ,
968 2269 24 35 ,
1066 2269 24 35 ,
1114 2269 24 35 -
1175 2269 24 35 ,
1261 2269 24 35 ,
1309 2269 24 35 ,
1407 2269 24 35 ,
1540 2268 127 34 XXXV

160 2333 92 35 2184
419 2354 44 4 —
515 2336 41 31 Le
584 2346 902 23 ramoneur.,.
1541 2334 127 33 XXXV

159 2398 91 35 2185
419 2420 42 4 --
515 2401 40 31 Le
584 2412 151 34 paysage
762 2413 65 21 aux
854 2402 127 32 vaches
1008 2405 33 29 et
1068 2412 42 21 au
1139 2405 141 28 taureau
1542 2398 63 35 1-0

160 2464 90 34 2186
421 2486 38 3 —
515 2467 40 30 Le
583 2466 138 33 chemin
750 2471 165 28 tournant
943 2467 87 32 dans
1060 2477 44 21 un
1135 2465 62 33 site
1233 2469 252 40 montagneux.
1540 2464 127 34 XXXV

160 2529 90 34 2187
421 2551 39 2 —
515 2532 59 31 Les
601 2532 162 32 environs
787 2532 699 33 d'Anvers.,.,.,
1541 2530 126 34 XXXV

161 2594 89 35 2188
421 2615 40 3 —
516 2597 40 31 Le
583 2601 902 39 troupeau.,.
1541 2596 126 33 XXXV

161 2659 90 35 2189
423 2681 39 2 —
516 2662 41 31 La
585 2662 194 43 déposition
808 2664 45 30 du
882 2662 125 33 Christ.
1064 2661 154 45 (D'après
1247 2662 32 30 L.
1312 2660 128 33 Lo-rTO.)
1542 2661 126 33 XXXV

161 2724 92 35 2190
424 2746 38 2 —
518 2726 220 34 L'Adoration
767 2728 41 31 de
831 2727 150 33 l'Enfant
998 2727 99 41 Jésus
1119 2732 82 27 tenu
1222 2737 56 32 par
1303 2726 30 31 la
1355 2726 133 44 Vierge.

566 2785 152 45 (D'après
745 2786 124 33 TITIKNI
1542 2786 126 33 XXXV

162 2848 90 35 2573
423 2870 39 3 —
519 2850 161 33 Intérieur
707 2851 781 33 destaminet.
1544 2851 61 34 XX
