2217 3461
407 338 87 44 122
752 341 143 52 PARIS,
932 341 157 42 MUSÉE
1120 342 238 43 NATIONAL
1394 357 59 29 DU
1488 344 182 42 LOUVRE

371 472 91 34 1717
587 471 169 43 Murillo,
804 471 429 37 Bartolomé-Estéban.
1281 473 245 47 (1617-1682).
1581 495 45 4 —
1664 475 45 33 Le

780 531 103 45 jeune
910 532 483 37 mendiant
1393 532 161 37 VI
1554 532 215 37 tr.
1769 532 216 37 D-S

371 591 91 35 1718
635 612 41 2 —
729 591 151 34 Portrait
907 592 163 44 présumé
1097 593 47 32 du
1172 594 102 43 poète
1302 593 168 41 Quevedo
1855 615 45 3 —

371 651 90 35 1719
633 671 42 4 -
729 650 148 34 Portrait
904 652 164 44 présumé
1096 652 45 33 du
1169 652 66 33 duc
1262 652 440 36 d'Ossuna.
1857 674 41 3 —

368 711 35 34 S.
433 711 51 34 N°
631 731 46 3 —
730 710 243 34 L'Institution
1001 711 46 33 du
1075 712 126 33 rosaire
1231 711 188 47 (Attribué)
1699 713 88 35 Coll.
1818 713 245 43 Schlichting

369 770 34 34 S.
432 771 52 34 Nu
636 791 41 3 —
731 770 97 34 Saint
867 770 259 45 Jean-Baptiste
1165 771 87 34 dans
1294 772 30 34 le
1360 772 127 44 désert,
1525 784 82 22 avec
1647 774 60 33 des

776 830 199 33 chérubins.
1020 830 684 46 (Attribué).
1855 852 46 4 -

587 890 145 41 Nunez;
763 890 76 33 voir
866 890 295 35 Villavicencio.

369 950 93 35 1720
587 950 159 42 Pereda,
770 950 181 34 Antonio.
970 951 90 44 (vers
1087 949 226 46 1608-1678).
1313 949 37 46 —
1350 949 152 46 Fruits
1523 960 32 25 et
1576 952 131 33 instru-

778 1018 117 24 ments
922 1010 43 33 de
993 1009 418 46 musique
1411 1009 156 46 VI
1567 1009 209 46 tr.
1776 1009 211 46 D-S

462 1770 84 32 1717
817 1762 146 31 MURILLO

1117 1771 83 32 1722
1850 1763 118 30 Ribeka

369 1855 88 34 1721
585 1855 152 43 Ribera,
766 1854 91 36 José
887 1856 58 42 de,
980 1856 48 33 dit
1064 1856 289 44 L'Espagnolet.
1387 1855 277 46 (158N-1652).
1664 1855 43 46 —

777 1915 225 33 L'adoration
1030 1916 61 33 des
1119 1916 579 45 bergers.
1855 1936 40 3 —

368 1975 91 34 1722
634 1995 41 3 —
730 1974 46 33 Le
805 1974 118 34 Christ
949 1986 44 22 au
1020 1976 679 33 tombeau.
1851 1995 46 4 -

369 2034 91 35 1723
634 2055 41 2 —
727 2034 98 34 Saint
853 2034 85 33 Paul
966 2035 472 33 ermite.
1438 2035 42 33 ,
1852 2055 40 3 —

368 2093 92 35 1724
631 2114 45 3 —
729 2093 46 34 La
802 2093 129 46 Vierge
958 2103 33 25 et
1018 2094 154 34 l'Enfant
1198 2094 498 44 Jésus.
1853 2114 39 3 —

368 2153 90 35 1725
630 2173 44 4 —
726 2153 47 34 Le
801 2153 532 45 pied-bot.
1333 2153 42 45 ,
1853 2173 37 3 —

368 2213 90 34 1726
632 2234 40 2 —
725 2213 60 34 Un
813 2213 211 45 philosophe
1052 2214 125 32 tourné
1210 2215 18 31 à
1261 2214 123 41 droite,
1420 2213 178 33 dessinant
1625 2224 81 22 avec

773 2284 48 21 un
849 2284 158 33 compas.
1064 2271 635 46 ¡Attribué).
1854 2292 39 3 —

368 2332 90 34 1727
629 2353 45 3 —
726 2332 60 34 Un
823 2332 211 45 philosophe
1062 2332 42 33 de
1133 2331 84 42 face;
1246 2332 150 33 lunettes
1423 2343 57 22 sur
1508 2332 29 33 le
1560 2343 75 29 nez,
1658 2343 46 21 un

775 2392 115 44 papier
916 2392 87 33 dans
1030 2392 30 33 la
1088 2392 95 33 main
1210 2391 123 34 droite.
1391 2391 187 45 (Attribué)
1852 2410 42 3 —

366 2451 92 35 1728
632 2472 40 3 —
725 2451 60 34 Un
814 2451 210 45 philosophe
1049 2452 126 32 tourné
1193 2453 18 31 à
1231 2451 124 42 droite,
1379 2462 68 21 une
1475 2450 133 45 gourde
1635 2452 17 30 à
1675 2450 29 32 la

773 2511 167 33 ceinture.
990 2510 235 45 (Attribué)
1853 2528 36 3 —

367 2569 90 35 1729
630 2590 40 3 —
723 2570 61 33 Un
812 2569 210 45 philosophe
1049 2571 125 32 tourné
1204 2572 17 30 à
1242 2570 124 41 droite,
1401 2577 120 25 tenant
1547 2580 47 21 un
1623 2569 81 32 livre

772 2638 33 24 et
832 2641 47 21 un
907 2629 143 33 rouleau
1078 2629 42 33 de
1148 2629 126 45 papier.
1325 2626 372 46 (Attribué).
1854 2646 37 3 —

365 2688 35 34 S.
429 2688 51 34 Nu
582 2688 297 44 Theotocopuli,
908 2688 220 42 Domenico,
1156 2688 48 33 dit
1233 2689 40 33 El
1302 2687 131 35 Greco.
1477 2689 111 42 15)8-1
1588 2689 112 42 (>14).

774 2748 36 33 -
810 2748 183 33 Portrait
1020 2748 46 32 du
1093 2748 51 33 roi
1174 2747 520 34 Ferdinand.
1851 2765 37 3 —

364 2806 36 33 S.
429 2806 51 34 N°
629 2827 41 3 —
725 2807 45 33 Le
798 2806 118 34 Christ
943 2818 44 22 en
1014 2807 93 33 croix
1135 2807 105 33 adoré
1268 2818 58 33 par
1354 2806 113 45 Diego
1489 2814 32 25 et
1543 2808 159 30 Antonio

773 2861 627 38 Covarrubias
1400 2861 156 38 VI
1556 2861 209 38 tr.
1765 2861 210 38 D-E
