2251 3472
1175 360 57 42 VI

346 488 101 36 Paris,
478 487 175 42 Vinchon,
685 488 48 32 in-
766 499 35 22 12
831 494 33 28 et
890 509 47 4 —
964 490 106 42 parmi
1101 491 49 32 les
1177 502 170 33 ouvrages
1374 503 67 30 que
1473 492 69 34 l'on
1574 498 82 37 peut
1684 504 120 22 encore
1833 505 33 21 se
1895 504 168 33 procurer:

346 548 200 33 LAFENESTRE
593 553 32 28 et
663 550 262 33 RICHTENBERGER
963 569 42 4 —
1045 552 43 30 Le
1123 551 116 32 Musée
1267 553 169 32 National
1472 553 45 31 du
1551 554 141 35 Louvre,
1734 553 100 40 Paris,
1875 554 193 32 Librairies-

346 607 228 43 imprimeries
601 608 149 42 réunies,
773 617 39 33 46
839 609 146 42 édition,
1017 620 98 32 1907,
1141 610 32 32 in
1210 621 49 21 12.
1303 616 32 28 et
1368 612 157 33 SEYMOUR
1563 623 36 22 DE
1635 613 91 32 RICCI
1760 632 45 4 —
1839 614 228 41 'Description

349 667 201 45 Tfaisonnée
566 668 58 33 des
641 670 182 31 Peintures
850 670 46 31 du
924 671 141 31 Louvre.
1117 671 26 31 1.
1166 671 116 32 Ecoles
1308 671 207 43 étrangères.
1570 673 101 31 Italie
1696 675 32 29 et
1765 673 167 42 Espagne.
1961 673 103 44 Paris,

347 727 210 43 Imprimerie
584 728 42 32 de
654 727 96 43 l'Art,
787 738 99 34 1913,
918 729 32 32 in
982 729 49 32 8°.

492 800 58 32 Par
577 804 130 37 contre,
739 800 21 32 il
790 811 90 22 nous
908 812 16 21 a
954 812 81 32 paru
1065 801 190 33 nécessaire
1276 802 42 32 de
1339 802 81 33 faire
1444 814 45 21 un
1518 807 98 29 court
1644 803 191 42 historique
1868 804 42 32 de
1938 804 31 32 la
2003 803 65 33 for-

346 859 132 33 mation
507 860 47 32 du
584 860 118 32 Musée
731 864 33 29 et
791 860 214 44 d'expliquer
1033 872 40 21 en
1103 862 171 41 quelques
1303 867 91 28 mots
1422 864 49 31 les
1499 862 173 43 principes
1698 863 59 42 qui
1786 867 62 28 ont
1869 862 133 44 présidé
2024 874 42 21 au

345 919 210 33 classement
583 921 113 32 actuel
725 920 60 32 des
813 920 217 33 collections.

1205 998 18 21 *

1165 1035 18 21 *
1243 1035 18 21 *

490 1112 200 43 Historique
715 1112 57 33 des
799 1114 213 31 collections.
1057 1132 41 4 —
1140 1114 41 31 Le
1222 1113 143 42 premier
1404 1113 103 33 fonds
1547 1115 45 31 du
1633 1114 148 33 Cabinet
1819 1114 61 33 des
1922 1113 66 34 rois
2027 1114 41 32 de

347 1172 124 31 France
500 1182 17 21 a
545 1171 52 33 été
626 1171 108 33 formé
762 1183 58 32 par
849 1172 159 43 François
1038 1173 20 31 1.
1113 1173 292 33 Non-seulement
1432 1183 36 23 ce
1498 1184 190 31 monarque
1716 1173 98 34 attira
1841 1176 18 30 à
1887 1173 182 33 Fontaine-

346 1232 102 32 bleau
476 1232 60 32 des
566 1231 138 33 maîtres
732 1243 138 21 comme
898 1233 29 31 le
956 1233 122 41 Rosso,
1109 1233 30 31 le
1169 1232 191 41 Primatice,
1391 1232 142 34 Niccolo
1572 1232 230 43 dell'Abbate,
1839 1232 59 43 qui
1933 1232 137 34 décorè-

346 1295 74 29 rent
455 1292 50 31 les
534 1291 144 45 galeries
705 1292 41 32 de
787 1302 37 23 ce
863 1292 161 41 château,
1056 1292 86 36 ma.is
1176 1292 21 32 il
1235 1292 40 33 fit
1312 1292 196 33 rechercher
1543 1304 41 21 en
1623 1293 93 33 Italie
1758 1293 50 32 les
1845 1293 79 43 plus
1958 1293 111 32 beaux

345 1351 173 33 tableaux.
573 1351 96 33 Nous
697 1351 146 33 n'avons
871 1352 343 32 malheureusement
1252 1363 60 32 pas
1349 1351 94 34 l'état
1480 1352 109 43 précis
1624 1353 42 32 de
1704 1363 34 22 sa
1775 1351 197 34 collection.
2027 1352 42 31 Le

346 1410 144 44 premier
531 1411 191 33 inventaire
761 1412 61 31 des
856 1411 204 33 collections
1097 1412 145 43 royales,
1281 1411 59 42 qui
1379 1422 88 22 nous
1496 1411 66 34 soit
1590 1422 165 33 parvenu,
1784 1411 79 34 date
1889 1410 178 34 d'environ

352 1470 104 45 1625;
488 1470 20 33 il
538 1482 34 21 se
598 1475 122 29 trouve
755 1472 88 31 dans
880 1472 48 31 les
965 1471 134 43 papiers
1126 1471 47 33 de
1173 1471 142 33 Peiresc
1343 1475 17 28 à
1388 1472 30 32 la
1448 1471 242 42 Bibliothèque
1716 1471 193 34 Nationale.
1964 1471 46 32 De
2038 1470 30 32 la

346 1531 114 32 même
488 1531 136 43 époque
660 1531 79 33 date
776 1532 30 31 le
834 1531 226 45 témoignage
1099 1532 42 31 de
1177 1531 167 33 Cassiano
1380 1532 53 32 del
1479 1533 117 31 Pozzo.
1652 1532 47 31 En
1743 1530 98 43 1642,
1882 1531 88 32 dans
2006 1541 62 21 son

354 1590 122 34 Trésor
502 1591 56 32 des
585 1592 191 32 merveilles
803 1592 41 31 de
870 1593 35 31 la
945 1592 139 32 Maison
1124 1592 129 42 Royale
1287 1592 40 31 de
1363 1592 284 38 Fontainebleau,
1687 1592 30 31 le
1754 1592 38 31 R.
1834 1591 32 31 P.
1899 1587 51 35 F.
1950 1587 119 35 Pierre

347 1651 71 32 Dan
467 1651 118 32 donna
632 1662 67 21 une
742 1651 210 43 description
998 1652 78 42 plus
1119 1652 172 42 complète
1327 1652 60 31 des
1424 1651 197 42 peintures:
1664 1661 88 22 nous
1788 1661 22 32 y
1847 1650 155 32 relevons
2038 1649 30 31 la

351 1711 122 42 Vierge
498 1722 71 21 aux
594 1712 148 40 rochers,
772 1711 30 31 le
830 1712 150 31 Bacchus
1009 1710 58 46 (ou
1096 1711 149 41 St.-Jean
1274 1722 42 21 au
1345 1709 140 44 désert),
1516 1711 29 31 le
1575 1711 154 42 St.-Jean
1766 1713 17 29 à
1822 1709 177 43 mi-corps,
2038 1708 31 32 la

337 1771 167 42 Joconde,
535 1771 30 32 le
593 1770 140 43 portrait
761 1771 41 32 de
832 1771 162 46 Lucre{.ia
1023 1771 146 32 Crivelli
1196 1781 57 32 par
1281 1770 150 33 Léonard
1472 1771 41 31 de
1550 1769 111 42 Vinci,
1701 1770 30 31 la
1760 1769 248 38 Ste.-Famille,
2040 1768 29 31 le

348 1830 213 36 St.-Michel,
593 1831 31 31 la
653 1831 320 41 Ste.-Marguerite,
1017 1830 30 32 le
1088 1830 140 43 portrait
1267 1831 41 31 de
1340 1831 134 42 Jeanne
1512 1830 183 41 d'Aragon
1736 1840 57 32 par
1832 1828 166 43 Raphaël,
2038 1827 31 31 la

349 1890 138 32 Charité
507 1894 34 28 et
562 1890 30 32 la
616 1891 241 32 Ste.-Famille
883 1889 170 33 d'Andrea
1081 1891 53 31 del
1164 1890 108 39 Sarto,
1303 1890 30 31 la
1365 1890 188 36 Visitation
1581 1889 41 32 de
1647 1887 179 34 Sébastien
1848 1888 54 32 del
1926 1887 144 33 Piombo

347 1953 182 29 etc.
586 1951 146 40 Presque
759 1953 80 29 tous
867 1950 48 31 les
952 1950 161 32 tableaux
1161 1949 222 33 mentionnés
1420 1960 57 32 par
1513 1949 30 31 le
1581 1949 31 31 P.
1653 1949 72 31 Dan
1763 1947 229 43 proviennent
2027 1947 41 32 de

349 2009 159 44 François
537 2010 21 31 1.
613 2009 32 32 Si
675 2021 53 21 ses
756 2020 219 22 successeurs
1002 2009 258 41 continuèrent,
1291 2020 41 21 en
1362 2009 91 41 effet,
1482 2011 18 29 à
1528 2008 80 32 faire
1636 2007 137 33 décorer
1800 2007 49 33 les
1885 2007 101 32 salles
2021 2006 46 33 du

347 2069 154 33 Château
530 2070 41 31 de
601 2069 286 41 Fontainebleau,
913 2069 41 32 ils
993 2068 247 34 n'enrichirent
1268 2068 99 43 point
1394 2068 31 33 la
1462 2067 184 34 collection
1688 2067 59 42 qui
1770 2067 108 33 forme
1899 2066 30 32 le
1951 2077 117 33 noyau

347 2130 47 31 du
433 2129 117 33 Musée
587 2129 47 32 du
681 2130 130 32 Louvre
857 2129 126 32 actuel.
1040 2129 94 32 Deux
1180 2128 79 33 faits
1305 2129 195 31 seulement
1546 2126 160 33 méritent
1753 2125 103 34 d'être
1893 2125 172 45 signalés:

355 2198 44 23 1°.
425 2190 47 31 De
500 2188 86 33 1620
607 2192 17 29 à
653 2188 98 44 1625,
776 2189 103 32 Marie
901 2189 40 32 de
965 2188 144 33 Médicis
1130 2188 40 33 fit
1191 2188 156 33 exécuter
1369 2198 58 33 par
1449 2188 154 39 Rubens,
1627 2187 88 31 dans
1741 2186 31 32 la
1794 2185 128 45 grande
1945 2179 123 51 galerie

347 2249 47 32 du
424 2249 256 44 Luxembourg,
711 2249 30 31 la
770 2248 89 33 suite
886 2248 61 32 des
974 2248 162 33 tableaux
1164 2248 145 32 relatant
1336 2248 49 31 les
1425 2246 79 33 faits
1542 2245 229 33 mémorables
1807 2245 41 32 de
1886 2255 61 22 son
1984 2244 85 33 exis-

348 2313 112 37 tence,
490 2319 68 31 que
587 2309 29 31 le
643 2308 144 33 visiteur
809 2312 156 28 trouvera
996 2308 143 42 exposés
1166 2306 223 47 aujourd'hui
1428 2317 42 21 au
1503 2305 117 33 Musée
1658 2305 86 32 dans
1776 2305 30 31 la
1838 2304 82 32 salle
1951 2304 114 31 XVIII.

350 2374 48 26 2°.
424 2370 116 41 Ayant
566 2368 99 32 offert
691 2371 17 29 à
736 2368 140 32 Charles
906 2369 7 30 1
942 2367 236 45 d'Angleterre
1206 2367 30 32 le
1264 2368 51 31 St.
1332 2366 268 43 Jean-Haptiste
1620 2365 42 32 de
1685 2364 162 42 Léonard,
1872 2362 103 34 Louis
1995 2362 71 33 XIII

349 2432 94 39 reçut
470 2439 42 20 en
541 2427 156 45 échange
725 2428 29 31 le
783 2427 141 43 portrait
950 2428 177 32 d'Erasme
1154 2437 58 32 par
1240 2425 147 34 Holbein
1423 2430 33 27 et
1494 2436 67 20 une
1599 2424 239 33 Ste.-Famille
1863 2423 46 32 du
1938 2421 127 34 Titien.

350 2489 41 31 Le
418 2488 48 32 St.
492 2488 83 40 Jean
619 2487 111 33 revint
768 2486 176 34 d'ailleurs
971 2487 80 42 plus
1078 2486 73 33 tard
1178 2486 87 32 dans
1293 2486 48 31 les
1368 2483 204 34 collections
1612 2484 145 43 royales.

492 2546 159 33 Celles-ci
689 2545 274 44 comprenaient,
1002 2549 18 29 à
1057 2545 233 33 l'avènement
1326 2545 42 32 de
1406 2543 102 33 Louis
1546 2544 84 40 XIV,
1669 2542 142 33 environ
1851 2550 66 24 200
1952 2540 112 34 toiles.

349 2609 26 30 A
403 2617 35 22 sa
466 2611 101 37 mort,
598 2606 20 32 il
648 2618 22 32 y
697 2617 42 22 en
767 2605 93 34 avait
887 2606 77 45 déjà
993 2606 79 42 plus
1098 2605 43 33 de
1171 2614 102 23 2000.
1329 2604 127 32 Encore
1484 2607 76 38 trop
1593 2604 106 43 jeune
1734 2612 43 21 au
1815 2604 157 29 moment
2008 2599 60 33 des

349 2670 121 29 ventes
497 2665 58 42 qui
586 2665 169 33 suivirent
782 2666 31 31 la
842 2669 88 29 mort
957 2665 42 32 de
1025 2664 141 33 Charles
1195 2665 7 30 1
1235 2663 107 46 \1650
1368 2665 18 30 à
1421 2660 113 46 1653),
1567 2661 20 32 il
1617 2672 41 21 ne
1687 2665 62 39 put
1769 2660 171 33 ordonner
1960 2658 106 43 qu'on

350 2738 21 31 y
400 2725 65 43 prît
492 2730 86 39 part.
615 2725 99 41 Mais,
744 2728 18 29 à
799 2726 31 31 la
869 2730 88 28 mort
984 2725 41 32 de
1060 2724 148 33 Mazarin
1248 2721 136 47 (1661),
1424 2720 58 43 qui
1521 2721 92 33 av-ait
1650 2720 135 33 racheté
1820 2730 42 22 au
1899 2718 169 42 banquier

350 2785 155 33 colonais
533 2785 168 32 Everhard
724 2785 129 41 Jabach
883 2785 258 41 quelques-uns
1173 2784 61 32 des
1260 2782 160 33 tableaux
1457 2782 48 31 les
1542 2781 78 43 plus
1656 2779 157 44 précieux
1847 2779 46 32 du
1930 2778 55 33 feu
2020 2776 45 34 roi

349 2845 249 45 d'Angleterre,
629 2844 102 33 Louis
761 2845 72 31 XIV
861 2844 118 41 acquit
1010 2843 65 43 546
1103 2843 188 43 peintures,
1321 2845 45 36 et,
1395 2840 56 34 dix
1478 2851 62 21 ans
1567 2839 108 43 après,
1709 2839 128 41 Jabach
1873 2840 106 40 ayant
2015 2836 52 33 été

351 2904 109 41 ruiné,
490 2904 139 33 Colbert
658 2904 47 31 lui
735 2904 135 35 acheta,
902 2913 85 33 pour
1017 2912 153 22 200.000
1198 2902 113 40 livres,
1348 2910 54 22 101
1436 2900 161 32 tableaux
1625 2902 31 29 et
1686 2908 86 33 5542
1795 2896 146 33 dessins.
1971 2894 94 34 Ainsi
