2254 3461
942 346 61 42 IX

115 478 310 34 l'enrichissement
451 478 47 33 du
526 477 117 33 Musée
670 480 121 29 eurent
817 476 69 33 lieu
915 476 155 43 pendant
1095 480 89 29 cette
1212 475 150 44 période.
1402 476 47 31 En
1484 474 99 44 1856,
1606 475 32 32 la
1659 474 169 34 donation

113 539 195 43 Sauvageot
334 542 142 39 apporta
501 537 171 42 quelques
699 535 158 44 précieux
889 536 161 32 tableaux
1087 535 163 43 primitifs
1276 535 43 33 de
1346 534 120 33 l'école
1503 534 191 44 Française.
1751 534 80 32 Puis

112 608 39 23 ce
178 597 64 41 fut,
272 608 41 21 en
348 597 97 41 1861,
475 596 126 33 l'achat
636 596 42 32 de
705 596 31 32 la
769 594 185 34 collection
991 595 190 43 Campana,
1216 599 230 39 comprenant
1477 594 43 33 de
1556 595 193 32 nombreux
1785 598 48 28 ta-

114 657 123 33 bleaux
264 656 137 33 italiens
432 656 62 33 des
521 656 89 32 XIVe
637 660 33 28 et
698 656 74 31 XVe
798 654 134 42 siècles;
968 664 146 33 presque
1147 658 80 29 tous
1260 654 49 32 les
1342 654 162 33 tableaux
1537 654 42 32 de
1607 654 32 31 la
1667 653 82 33 salle
1774 653 55 31 VII

115 716 228 43 proviennent
369 716 41 32 de
437 720 88 28 cette
563 723 132 32 source;
734 714 181 45 signalons
953 718 95 28 entre
1080 718 132 28 autres:
1251 714 292 32 l'Annonciation
1582 713 42 33 de
1663 712 166 40 Léonard,

115 776 31 32 la
173 776 97 32 Pieta
295 775 41 33 de
362 774 142 34 Cosimo
529 774 103 41 Tura,
662 774 31 31 le
721 774 103 33 Paolo
851 773 133 41 Ucello,
1014 777 33 29 et
1074 773 49 32 les
1162 773 219 42 Philosophes
1413 773 42 32 de
1483 773 123 41 Justus
1640 772 42 33 de
1716 772 113 32 Gand.

116 834 112 41 Enfin,
258 845 41 21 en
333 833 97 43 1869,
459 834 172 32 entrèrent
657 844 42 21 au
728 832 131 41 Musée,
898 842 82 23 avec
1014 832 30 33 le
1076 832 70 33 don
1180 831 219 46 magnifique
1431 832 48 33 du
1514 832 42 32 Dr
1590 832 43 33 La
1666 832 99 41 Caze,
1802 831 31 32 la

114 893 181 33 Bethsabée
319 893 42 33 de
389 893 225 41 Rembrandt,
644 893 32 32 la
703 892 225 33 Bohémienne
953 892 43 32 de
1037 893 102 31 Frans
1174 892 94 41 Hais,
1302 892 62 32 des
1391 891 175 42 esquisses
1598 891 42 33 de
1674 892 156 40 Rubens,

114 953 195 43 l'Infante
309 953 236 43 Marie-Anne
570 952 42 33 de
639 952 203 41 Velasquez,
872 951 30 32 le
929 951 86 32 Pied
1039 951 57 32 bot
1121 951 42 32 de
1191 950 135 40 Ribera,
1357 951 30 32 le
1413 952 110 41 Repas
1549 951 42 32 de
1612 956 153 37 paysans
1791 950 42 33 de

117 1012 41 32 Le
184 1011 100 42 Nain,
319 1016 33 29 et
390 1012 49 32 les
478 1012 173 40 Watteau,
694 1011 49 32 les
782 1011 208 44 Fragonard,
1032 1011 48 32 les
1118 1010 166 42 Chardin,
1326 1011 50 32 les
1417 1010 206 45 Largillière,
1665 1014 81 29 tous
1785 1010 49 32 les

116 1070 139 34 maîtres
280 1071 42 33 de
361 1075 96 29 notre
491 1071 118 32 XVIIIe
643 1070 102 33 siècle
779 1069 171 44 Français,
982 1071 131 44 jusque
1146 1070 31 32 là
1211 1069 26 33 si
1274 1069 314 44 incomplètement
1621 1069 212 43 représentés

114 1141 45 22 au
188 1131 140 32 Louvre.

258 1190 42 32 Le
327 1190 143 32 nombre
496 1189 61 33 des
583 1188 230 43 acquisitions
839 1193 33 29 et
899 1193 138 29 surtout
1063 1189 61 32 des
1150 1189 89 33 dons
1273 1189 79 34 faits
1385 1189 126 43 depuis
1551 1189 86 42 1870
1670 1193 52 28 est
1757 1192 77 39 trop

114 1248 238 34 considérable
389 1259 85 33 pour
505 1259 68 31 que
613 1259 89 22 nous
740 1259 41 22 en
822 1248 178 43 puissions
1039 1248 216 43 rapidement
1293 1249 134 33 donner
1466 1260 68 21 une
1574 1248 87 33 idée.
1740 1249 95 31 Deux

115 1308 99 33 dates
240 1312 79 30 sont
345 1311 19 29 à
391 1308 122 33 retenir
540 1318 86 33 pour
651 1312 89 29 cette
768 1307 156 43 période:
960 1307 98 43 1890,
1099 1308 151 33 création
1278 1309 43 32 de
1356 1309 32 32 la
1426 1308 118 33 Caisse
1582 1308 62 33 des
1682 1307 151 42 Musées;

124 1368 98 42 1897,
252 1367 180 34 fondation
459 1367 42 33 de
529 1367 31 33 la
586 1366 134 34 Société
746 1367 60 33 des
836 1366 97 34 Amis
971 1367 47 33 du
1060 1368 142 32 Louvre.
1258 1368 61 32 Les
1358 1368 149 44 grandes
1545 1367 189 34 donations
1774 1371 63 29 ont

117 1426 67 42 été,
226 1437 85 33 pour
348 1427 50 32 les
436 1426 187 33 anciennes
661 1426 113 33 écoles
812 1427 41 32 de
890 1426 170 44 peinture,
1099 1427 104 33 celles
1228 1427 100 33 d'His
1354 1427 43 34 de
1435 1428 32 32 la
1506 1427 103 42 Salle,
1657 1426 99 43 1878,
1794 1426 43 33 de

118 1488 46 31 M.
192 1486 43 33 de
261 1486 170 42 VandeuJ,
466 1496 98 32 1902,
593 1486 42 33 de
663 1487 30 31 la
729 1487 80 31 pesse
847 1486 180 42 Mathilde,
1076 1497 98 32 1905,
1216 1487 42 32 de
1280 1487 96 41 Jules
1416 1486 138 43 Maciet,
1600 1487 98 41 1888,
1735 1486 99 42 1891,

117 1546 48 33 du
195 1546 59 32 Bon
278 1546 43 32 de
347 1545 231 45 Schlichting,
615 1555 98 33 1914,
742 1550 33 28 et
802 1546 42 32 de
872 1546 30 32 la
942 1546 74 32 Mise
1054 1546 346 43 Arconati-Visconti,
1449 1546 99 43 1916;
1590 1557 86 33 pour
1716 1545 120 34 l'école

120 1604 177 44 Française
324 1605 175 41 moderne,
528 1605 104 32 celles
657 1605 42 32 de
725 1605 150 41 Coutan,
906 1605 82 40 1883
1013 1605 202 46 (Géricault,
1240 1604 203 47 Prud'hon),
1466 1606 42 33 de
1530 1605 303 44 Thomy-Thiéry,

125 1674 83 32 1902
265 1663 128 46 (Corot,
417 1665 177 32 Rousseau
634 1669 144 28 etc.
811 1664 23 44 ),
872 1665 42 32 de
953 1664 150 34 Maurice
1142 1665 142 42 Cottier,
1320 1676 83 34 1903
1446 1664 219 48 (Delacroix),
1705 1665 43 33 de
1787 1666 46 31 M.

122 1723 142 34 Etienne
302 1724 315 41 Moreau-Nélaton,
665 1729 98 37 1900,
799 1724 184 33 collection
1018 1725 144 42 exposée
1196 1736 43 21 au
1274 1725 118 33 Musée
1424 1725 62 34 des
1518 1728 77 31 Arts
1631 1724 203 41 Décoratifs,

118 1783 44 33 de
187 1782 217 42 Chauchard,
449 1793 98 32 1910,
583 1783 130 33 d'isaac
748 1783 42 33 de
825 1784 194 39 Camondo,
1068 1794 99 32 19m,
1210 1785 139 45 (Degas,
1392 1786 128 39 Manet,
1563 1786 132 41 Monet,
1724 1784 112 44 Sisley

119 1846 167 30 etc.
328 1840 24 47 ),
390 1842 42 32 de
482 1844 45 31 M.
582 1843 201 41 ZoubaJow,
829 1853 197 32 1919-1920
1077 1842 130 46 (Corot,
1242 1844 219 42 Chasseriau,
1498 1846 103 42 Barye
1635 1848 144 29 etc.
1812 1843 22 45 ).

120 1901 187 45 Signalons
332 1911 122 23 encore
481 1902 31 32 la
539 1902 201 42 Déposition
779 1903 41 31 de
848 1903 106 32 Croix
988 1903 42 32 de
1069 1902 82 34 Dirk
1191 1904 116 41 Bouts,
1347 1904 123 45 léguée
1510 1915 58 32 par
1606 1905 45 31 M.
1694 1903 145 44 Mongé-

121 1960 171 43 Misbach,
320 1961 31 32 le
378 1962 160 41 Mariage
562 1961 41 32 de
629 1961 277 33 Ste.-Catherine
943 1962 42 32 de
1022 1962 182 45 Memling,
1246 1963 118 33 donné
1400 1974 58 33 par
1494 1965 46 31 M.
1579 1963 183 41 Gatteaux,
1808 1963 30 32 le

122 2019 170 45 Memling
317 2024 33 29 et
376 2020 49 32 les
451 2020 89 32 deux
568 2021 115 44 Ingres
709 2021 47 32 du
784 2021 74 44 legs
886 2022 168 32 Duchâtel
1085 2021 135 46 (1878),
1250 2023 30 32 le
1307 2024 135 32 Master
1463 2024 95 32 Hare
1582 2023 58 43 de
1640 2023 195 43 Reynolds,

122 2079 102 45 lègué
251 2089 58 33 par
335 2079 29 32 le
393 2080 57 31 Bon
471 2080 178 42 Alphonse
675 2080 42 32 de
744 2080 220 39 Rothschild,
995 2081 31 32 la
1052 2082 98 32 Pieta
1176 2082 42 32 de
1247 2083 202 32 Villeneuve
1474 2084 48 31 lès
1548 2083 165 41 Avignon
1741 2087 34 28 et
1807 2083 30 31 le

123 2137 139 44 portrait
288 2138 42 33 de
356 2139 120 32 Pierre
505 2139 113 44 Quthe
644 2150 57 32 par
729 2139 159 44 François
915 2140 136 42 Clouet,
1080 2141 137 32 donnés
1244 2152 58 32 par
1338 2142 49 32 les
1422 2141 97 33 Amis
1545 2142 47 32 du
1624 2142 143 38 Louvre,
1808 2143 30 31 la

124 2197 105 44 petite
273 2197 89 32 Pitié
393 2197 41 33 de
472 2199 108 32 Notre
624 2199 179 42 Seigneur,
845 2199 42 32 de
926 2200 31 32 la
997 2199 47 33 fin
1086 2200 46 33 du
1174 2201 91 32 XIVe
1305 2201 102 33 siècle
1442 2201 159 44 français,
1636 2202 119 33 offerte
1782 2212 58 33 par

125 2258 46 31 M.
201 2255 150 34 Maurice
379 2256 162 33 Fenaille.

266 2316 61 32 Les
352 2315 229 42 acquisitions
608 2317 48 33 les
683 2318 79 42 plus
790 2317 228 48 importantes
1046 2324 91 37 sont,
1168 2313 88 39 dans
1283 2320 120 33 l'école
1433 2320 144 33 Italienne
1577 2320 44 33 :
1658 2321 32 32 la
1721 2322 123 41 Vierge

123 2374 42 33 de
187 2375 129 43 Jacopo
343 2374 133 43 Bellini,
505 2376 31 32 la
564 2375 135 43 fresque
725 2376 43 33 de
796 2378 59 31 Fra
880 2378 182 44 Angelico,
1092 2379 30 32 le
1154 2380 176 32 Vieillard
1355 2383 32 29 et
1422 2380 153 42 l'enfant
1607 2380 42 32 de
1683 2380 162 33 Ghirlan-

123 2434 93 45 dajo,
245 2434 50 32 les
320 2434 89 32 deux
436 2434 154 42 fresques
616 2435 42 33 de
685 2435 182 41 Botticelli,
891 2437 184 42 l'Apollon
1105 2441 32 28 et
1156 2439 161 42 Marsyas
1337 2438 52 34 dit
1410 2439 54 32 \de
1486 2439 152 43 Raphaël
1660 2440 42 32 de
1724 2439 120 33 Morris

127 2494 149 39 Moore»,
306 2493 30 32 le
370 2494 72 32 St.-
481 2494 175 33 Sébastien
683 2495 42 32 de
752 2495 31 32 la
823 2495 184 34 collection
1048 2496 128 33 Sciarra
1222 2508 58 32 par
1318 2498 31 32 le
1389 2497 160 45 Pérugin,
1592 2498 31 32 la
1654 2500 122 41 Vierge
1802 2499 41 32 de

127 2551 243 42 Baldovinetti,
400 2552 30 32 le
457 2553 251 33 St.-Sébastien
741 2554 43 33 de
820 2556 188 43 Mantegna
1054 2560 192 38 provenant
1284 2556 260 45 d'Aigueperse,
1586 2563 34 27 et
1658 2558 30 32 le
1730 2558 115 32 Christ

127 2611 154 32 Sauveur
305 2611 42 32 de
380 2610 170 34 Giovanni
592 2613 134 41 Bellini;
767 2614 87 32 dans
893 2614 119 33 l'école
1052 2616 208 44 Espagnole,
1302 2616 173 43 plusieurs
1514 2616 112 44 Goya;
1667 2618 89 32 dans
1795 2618 50 32 les

127 2668 112 33 écoles
275 2669 260 43 septentrionales
535 2669 49 43 :
627 2672 30 32 le
697 2672 124 33 Gérard
859 2673 41 32 de
940 2674 163 40 St.-
1146 2674 30 33 le
1215 2676 159 32 Portrait
1412 2676 41 32 de
1490 2676 115 32 vieille
1634 2678 130 42 femme
1802 2677 41 32 de

128 2727 182 45 Memling,
340 2729 30 31 le
396 2728 177 44 triptyque
599 2730 42 32 de
668 2732 111 43 Roger
806 2732 42 32 de
883 2733 30 31 le
948 2733 151 39 Pasture;
1141 2734 89 32 dans
1270 2734 125 33 l'Ecole
1436 2735 198 43 Française:
1675 2736 170 32 l'Homme

126 2797 45 21 au
197 2797 96 22 verre
324 2787 42 32 de
403 2788 58 31 vin
500 2792 33 29 et
570 2788 112 33 divers
720 2791 160 32 tableaux
921 2791 176 43 primitifs,
1122 2792 32 43 Y
1154 2792 209 43 Inspiration
1403 2794 46 32 du
1484 2797 99 39 poète
1621 2795 41 32 de
1706 2795 139 33 Nicolas

128 2845 158 42 Poussin,
324 2847 161 43 l'Enfant
510 2859 44 21 au
581 2851 95 29 toton
703 2849 41 32 de
770 2850 164 41 Chardin,
966 2851 87 32 mais
1080 2857 136 28 surtout
1242 2853 61 32 des
1332 2853 176 43 peintures
1535 2854 46 32 du
1611 2855 93 31 XIXe
1725 2854 115 33 siècle.
