2207 3478
383 358 57 44 78
729 360 146 52 PARIS,
913 360 157 42 MUSÉE
1102 361 241 42 NATIONAL
1378 374 59 29 DU
1472 361 184 42 LOUVRE

347 491 89 35 1001
562 491 78 34 XVe
668 490 136 36 Siècle.
854 512 39 2 —
938 490 47 33 La
1030 490 128 46 Vierge
1204 491 153 33 allaitant
1396 491 153 35 l'Enfant
1587 493 101 44 Jésus

757 550 175 46 (provient
959 551 43 32 de
1029 550 30 34 la
1087 551 122 44 région
1237 551 43 33 de
1307 551 157 45 Nantes)
1739 554 29 33 X

348 611 89 35 1001
465 623 21 21 a
612 631 40 3 —
708 610 45 34 Le
782 610 119 34 Christ
934 619 94 25 mort
1067 621 58 23 sur
1164 610 48 34 les
1251 622 141 34 genoux
1432 612 42 33 de
1502 612 29 32 la
1560 612 127 45 Vierge

758 671 175 45 (provient
960 671 46 32 du
1035 670 649 43 Bourbonnais).
1743 673 30 33 X

349 731 88 35 1001
469 733 17 31 b
613 751 40 3 —
709 730 46 34 Le
783 730 118 33 Christ
945 738 93 25 mort
1066 738 152 25 soutenu
1257 741 58 34 par
1355 730 30 33 la
1425 730 128 46 Vierge
1592 740 98 25 entre

756 790 30 33 la
826 789 211 43 Madeleine,
1088 790 89 33 saint
1215 789 88 45 Jean
1339 798 32 25 et
1413 802 48 21 un
1503 791 183 33 donateur.

758 850 201 33 Provenant
980 850 43 33 de
1044 849 29 33 la
1097 848 211 35 Chartreuse
1333 850 43 33 de
1398 849 291 35 Villeneuve-lès-

757 910 167 44 Avignon
939 908 141 47 (Gard).
1105 909 114 43 (école
1239 909 219 45 d'Avignon,
1482 921 77 22 vers
1586 912 103 42 1475)
1741 911 29 33 X

349 971 90 35 1001
470 984 15 19 c
623 991 36 3 —
716 969 46 34 Le
799 969 118 34 Christ
956 970 132 32 debout
1128 969 86 33 dans
1259 969 30 33 le
1327 970 180 41 tombeau,
1546 971 146 32 entouré

757 1030 60 33 des
844 1030 231 33 instruments
1102 1029 42 33 de
1178 1029 28 33 la
1245 1029 157 43 Passion,
1439 1041 82 22 avec
1557 1030 133 45 images

758 1090 42 33 de
830 1090 91 32 Dieu
948 1089 31 34 le
1007 1091 80 43 père
1115 1097 32 25 et
1175 1090 45 32 du
1248 1089 48 33 St.
1333 1089 125 45 Esprit,
1497 1098 50 25 est
1586 1089 105 34 adoré

758 1161 59 33 par
838 1161 47 21 un
908 1149 173 33 donateur
1098 1160 82 22 sous
1198 1149 29 32 la
1246 1149 194 44 protection
1464 1149 42 33 de
1528 1148 47 35 St.
1592 1149 100 45 Agri-

758 1209 75 33 cole
876 1208 111 46 (école
1034 1208 218 44 d'Avignon,
1295 1208 153 33 seconde
1485 1208 122 34 moitié
1645 1209 44 32 du

759 1269 112 33 XVme
898 1268 115 42 siècle;
1043 1268 128 34 retable
1200 1276 195 37 provenant
1423 1268 42 33 de
1493 1268 129 44 l'église
1650 1268 42 33 de

759 1327 181 46 Boulbon)
980 1327 40 46 ,
1120 1327 40 46 ,
1745 1337 76 25 non
1850 1328 141 43 exposé

352 1390 89 35 1001
470 1391 22 32 d
615 1410 45 3 —
713 1388 223 34 L'invention
959 1388 42 33 de
1023 1388 29 33 la
1074 1387 118 34 Sainte
1215 1387 118 33 Croix.
1364 1387 70 33 Ste.
1460 1387 134 34 Hélène
1616 1399 77 33 age-

760 1448 154 34 nouillée
942 1459 82 22 avec
1045 1459 35 22 sa
1099 1448 101 41 suite,
1224 1447 121 33 assiste
1367 1449 17 31 à
1408 1447 29 32 la
1460 1447 229 33 résurrection

760 1508 107 33 d'une
901 1516 114 25 morte
1063 1507 110 46 (école
1219 1507 42 32 de
1308 1506 268 41 Valenciennes,
1616 1518 76 21 vers

765 1567 102 46 1480)
1744 1567 29 33 X

352 1630 33 34 S.
417 1631 50 33 N°
619 1650 37 2 --
713 1628 133 34 Guerre
865 1628 42 32 de
928 1626 118 34 Troie.
1090 1626 147 33 Mission
1259 1626 225 33 d'Anthénor
1505 1638 42 21 en
1570 1626 121 33 Grèce.

763 1688 45 33 Le
836 1688 183 46 jugement
1048 1687 42 32 de
1119 1686 106 33 Paris.
1258 1686 125 33 Dessin
1412 1685 184 45 aquarcllé.
1632 1686 60 33 XI.
1720 1685 157 43 pupitre
1911 1685 132 34 milieu

353 1750 33 34 S.
417 1751 51 33 N"
619 1770 41 2 —
714 1748 134 33 Guerre
875 1747 43 33 de
945 1746 119 34 Troie.
1121 1746 208 40 Quatrième
1358 1745 147 33 bataille.
1563 1745 43 33 Le
1644 1745 47 32 roi

761 1807 121 34 Thoas
910 1815 50 25 est
988 1805 60 34 fait
1076 1806 206 45 prisonnier.
1339 1805 96 33 Dans
1464 1805 27 32 la
1529 1805 165 32 chambre

761 1868 42 32 de
831 1867 29 33 la
889 1867 132 33 beauté.
1052 1866 126 33 Dessin
1207 1864 253 46 aquarellé
1536 1864 50 46 ,
1586 1864 103 46 ..,

354 1930 34 33 S.
418 1930 51 33 N°
622 1949 36 3 —
714 1928 135 33 Guerre
876 1927 43 33 de
946 1925 118 34 Troie.
1120 1925 258 33 Dix-huitième
1406 1923 146 34 bataille.
1603 1923 91 33 Mort

762 1986 186 34 d'Achille.
973 1985 205 45 Vingtième
1195 1984 145 34 bataille.
1365 1983 120 45 Dessin
1485 1983 206 45 aquarellé.
1843 2003 41 2 —

355 2049 33 34 S.
418 2049 52 34 Nu
618 2068 44 3 —
714 2046 135 34 Guerre
876 2046 43 33 de
940 2044 118 34 Troie.
1111 2044 144 33 Arrivée
1277 2043 43 34 de
1342 2042 235 42 Penthésilée,
1601 2042 94 33 reine

762 2107 60 32 des
868 2105 214 33 Amazones.
1138 2104 64 33 Les
1230 2103 201 33 Amazones
1471 2114 41 21 au
1540 2102 151 33 combat.

764 2165 157 46 Pyrrhus
947 2164 108 42 reçoit
1082 2163 48 34 les
1158 2174 115 22 armes
1299 2162 187 33 d'Achille.
1542 2161 153 45 Pyrrhus

763 2237 42 22 au
833 2225 152 33 combat.
1033 2223 127 34 Dessin
1187 2222 503 46 aquarellé
1851 2240 30 3 —

356 2289 34 33 S.
421 2288 51 33 Nu
622 2307 43 3 —
717 2285 135 34 Guerre
879 2285 43 32 de
949 2283 118 34 Troie.
1132 2282 93 33 Mort
1253 2282 42 33 de
1325 2280 233 34 Penthésilée.
1613 2278 84 34 Tra-

764 2345 103 32 hison
895 2343 237 33 d'Anthénor.
1176 2341 126 33 Dessin
1331 2339 358 46 aquarellé
1843 2358 39 2 —

357 2407 34 34 S.
421 2408 51 32 N"
623 2426 40 2 —
718 2405 134 33 Guerre
879 2404 43 32 de
949 2402 118 34 Troie.
1123 2401 46 33 La
1197 2401 88 45 prise
1312 2401 43 32 de
1382 2399 29 33 la
1440 2398 90 33 ville.
1569 2397 126 33 Dessin

765 2462 686 46 aquarellé.,.
1844 2475 39 2 —

358 2539 34 33 S.
422 2538 51 33 N"
581 2537 66 34 Fin
677 2536 50 34 du
754 2536 107 33 XV1'10
890 2534 131 35 siècle.
1051 2554 41 2 —
1123 2532 148 33 Portrait
1299 2529 156 35 d'enfant
1488 2540 42 21 en
1571 2527 122 45 prière,

766 2594 150 45 supposé
944 2593 30 33 le
1002 2592 130 34 second
1160 2590 53 35 fils
1240 2591 42 32 de
1310 2588 145 35 Charles
1482 2587 80 33 VIII
1745 2586 29 32 X

361 2656 90 35 1050
623 2676 41 2 —
717 2655 48 33 St.
783 2654 143 44 Jérôme
946 2652 113 44 (école
1087 2650 218 45 d'Avignon)
1748 2645 29 33 X

362 2728 90 35 1006
578 2725 198 36 Première
805 2723 133 36 moitié
968 2724 50 34 du
1045 2723 132 34 XVI-E
1207 2721 131 35 siècle.
1365 2740 37 2 —
1428 2719 156 32 Abbesse
1611 2728 83 33 age-

769 2784 153 33 nouillée
951 2784 127 32 devant
1106 2793 63 22 son
1198 2762 496 63 prie-dieu.
1750 2774 48 34 XI

361 2846 91 35 1007
627 2865 38 3 —
722 2843 148 33 Portrait
898 2843 42 32 de
970 2841 162 42 François
1161 2841 54 40 1er,
1245 2839 49 33 roi
1322 2839 42 32 de
1396 2838 138 39 France,
1565 2846 41 21 en
1641 2835 56 31 vê-

766 2910 134 26 tement
927 2912 767 34 rouge.
1749 2891 48 35 XI
