2229 3481
418 329 58 43 42
763 332 146 52 PARIS,
946 332 158 43 MUSÉE
1136 334 240 42 NATIONAL
1410 348 60 28 DU
1507 335 185 42 LOUVRE

407 463 68 34 457
605 448 58 58 La
663 448 136 58 Hyre,
829 463 172 34 Laurent
1020 463 59 34 de.
1112 461 247 47 (1606-1656).
1387 485 45 2 —
1459 464 195 46 Allégorie:
1684 465 47 34 La

798 511 127 33 France
945 511 108 42 reçoit
1073 510 31 34 la
1126 511 84 33 Paix
1230 511 61 33 des
1312 512 114 33 mains
1446 512 43 34 de
1510 512 31 34 la
1561 513 165 34 Victoire.
1780 514 124 35 XIV-S

407 570 69 35 458
652 591 41 2 —
748 570 168 45 Pavsage.
973 570 65 33 Les
1065 570 95 33 deux
1187 570 534 45 pêcheurs.
1777 574 131 34 XVI-N

384 629 34 34 S.
448 630 51 34 N°
605 630 115 42 Lami,
750 631 169 43 Eugène.
950 629 251 45 (1800-1890).
1232 630 38 34 -
1270 630 154 34 Entrée
1445 632 43 33 de
1507 631 30 34 la
1559 632 171 34 duchesse

794 677 189 34 d'Orléans
1011 689 69 22 aux
1106 677 341 36 Tuileries.,.
1505 681 38 33 E.
1575 681 34 33 F.
1638 681 97 33 XIXe
1775 680 34 35 S.
1840 681 35 34 2e
1903 681 112 44 étage
2047 682 34 33 II

408 738 69 35 462
608 738 177 42 Lancret,
816 738 170 34 Nicolas.
1015 736 252 47 (1690-1743).
1297 758 42 3 —
1370 738 46 34 Le
1444 739 186 46 Printemps
1781 740 124 35 XVI-S

409 798 69 35 463
654 789 36 43 -
690 789 110 43 L'Été
1779 800 124 34 XVI-S

408 858 70 34 464
654 878 42 2 —
751 857 971 35 L'Automne.
1778 859 124 35 XVI-S

409 917 68 35 465
655 937 40 3 -
749 917 974 35 L'Hiver.
1779 918 124 35 XVI-S

451 1565 65 38 463
821 1586 7 10 1
1029 1560 146 31 LANCRET

1331 1555 64 44 465
1879 1554 145 31 LANCRET

656 2433 69 41 408
825 2432 148 30 LANCRET

1499 2424 69 45 469
1666 2424 147 30 LANCRET

418 2496 69 34 466
588 2497 179 40 Lancret,
797 2494 170 34 Nicolas.
998 2491 249 46 (1690-1743).
1275 2512 47 4 —
1350 2491 64 33 Les
1440 2487 282 36 tourterelles.
1780 2482 131 35 XVI-N

418 2549 68 34 467
658 2569 43 4 —
755 2548 46 33 Le
828 2548 60 32 nid
916 2534 810 46 d'oiseaux.,.
1781 2535 131 35 XVI-N

419 2603 68 34 468
659 2623 42 3 —
755 2602 47 33 La
828 2601 101 42 leçon
957 2600 42 33 de
1026 2599 700 46 musique,.
1781 2588 124 37 XVI-S

420 2656 68 34 469
661 2677 42 3 —
758 2655 447 33 L'innocence.
1205 2655 34 33 ,
1778 2643 124 35 XVI-S

419 2709 69 35 470
660 2730 41 3 —
755 2709 65 33 Les
846 2716 134 25 acteurs
1007 2707 42 33 de
1076 2706 31 34 la
1134 2705 173 35 Comédie
1334 2704 162 34 italienne
1781 2697 59 34 1-0

420 2764 66 33 471
661 2783 42 3 —
757 2762 46 33 Le
830 2761 141 34 Gascon
1004 2760 719 45 puni.
1780 2752 61 33 I-E

420 2816 69 34 472
660 2836 42 3 —
756 2815 45 33 La
827 2825 338 34 cage.
1165 2825 33 34 ,
1782 2805 59 33 1-0

421 2870 68 34 473
661 2889 42 3 —
755 2867 225 34 Conversation
980 2867 52 34 :
1061 2867 90 32 deux
1179 2865 128 46 ifgures
1332 2864 87 33 dans
1444 2874 49 22 un
1521 2871 134 36 paysage
1782 2858 59 33 1-0
