2243 3473
1205 331 80 42 XII

581 568 322 44 Abréviations
936 568 280 57 principales
1250 573 44 40 et
1328 569 156 58 signes
1518 570 392 45 conventionnels.

528 970 61 31 Les
616 969 116 33 lettres
760 969 48 43 E.,
838 969 53 43 N.,
921 968 49 44 0.,
999 968 44 44 S.,
1073 969 136 43 placées
1246 971 97 42 après
1380 970 50 34 le
1430 970 67 34 No
1534 971 41 32 de
1612 971 95 35 salle,
1754 970 185 42 indiquent
1974 982 132 33 respec-

382 1042 171 33 tivement
581 1051 68 31 que
677 1041 49 32 les
753 1042 163 32 tableaux
943 1053 35 21 se
1005 1045 164 29 trouvent
1197 1052 56 22 sur
1280 1042 49 32 les
1357 1042 113 43 parois
1500 1044 68 36 Est,
1598 1042 103 41 Nord,
1731 1043 111 32 Ouest
1869 1053 45 22 ou
1950 1043 83 37 Sud,
2063 1045 42 31 de

383 1118 89 28 cette
501 1113 95 32 salle.

530 1196 35 34 E.
595 1195 34 35 F.
658 1195 98 35 XIXe
784 1195 45 44 S.,
858 1196 51 34 1er
933 1195 61 47 (ou
1024 1194 54 48 2e)
1106 1194 116 46 étage
1251 1196 15 34 1
1291 1196 62 46 (ou
1392 1196 46 43 II,
1476 1197 65 42 III,
1565 1195 66 47 IV)
1656 1210 45 17 =
1736 1197 99 32 Ecole
1863 1197 166 43 française
2056 1198 48 32 du

384 1269 93 32 XIXe
504 1268 121 41 Siècle,
657 1268 83 32 salle
771 1269 7 30 1
806 1266 62 47 (ou
899 1269 38 41 11,
969 1269 52 41 III,
1053 1266 68 47 IV).

529 1351 82 35 Esc.
640 1364 46 17 =
713 1351 158 33 Escalier.
1442 1367 11 8 -

527 1434 150 35 Marine
715 1447 45 18 =
798 1434 146 43 Indique
980 1445 67 31 que
1094 1435 30 32 le
1160 1435 139 33 tableau
1345 1446 34 21 se
1415 1439 120 29 trouve
1572 1435 87 32 dans
1700 1434 94 33 l'une
1827 1435 61 32 des
1921 1435 101 32 salles
2057 1435 47 32 du

384 1506 119 33 musée
520 1507 56 32 de
603 1507 30 31 la
663 1506 143 33 marine.

529 1589 34 35 S.
595 1603 45 17 =
668 1590 96 32 salle.

530 1672 33 36 S.
593 1673 48 34 N°
669 1687 44 17 =
742 1684 80 22 sans
849 1672 159 34 numéro.

529 1757 37 34 T.
595 1757 37 34 T.
661 1761 45 26 -L-
734 1757 83 33 salle
845 1756 185 34 collection
1060 1756 303 44 Thomy-Thiéry.

528 1840 106 35 Vest.
663 1853 44 18 -
735 1840 192 33 Vestibule.

528 1924 14 15 *
571 1937 44 18 —
648 1924 46 33 Ce
731 1923 99 45 signe
868 1923 144 41 indique
1049 1924 48 31 les
1134 1923 176 43 peintures
1346 1922 234 34 décoratives:
1620 1922 174 43 plafonds,
1834 1921 176 44 peintures
2045 1933 60 22 en-

385 1996 148 33 castrées
560 1996 88 32 dans
675 1996 49 32 les
752 1995 178 42 boiseries,
961 1998 65 30 etc.

531 2080 61 31 Les
620 2079 164 33 numéros
811 2082 94 30 entre
940 2078 223 43 parenthèses
1200 2077 179 34 renvoient
1417 2089 68 22 non
1525 2089 60 31 pas
1621 2088 42 22 au
1701 2078 182 43 catalogue
1920 2075 183 34 sommaire

386 2150 150 45 général,
569 2150 87 33 mais
683 2161 65 21 aux
776 2150 203 44 catalogues
1007 2149 161 43 spéciaux
1195 2149 61 33 des
1282 2148 206 34 collections
1514 2149 194 41 Camondo,
1746 2148 218 34 Chauchard,
2004 2150 100 30 Arco-

386 2221 262 41 nati-Visconti,
679 2225 65 29 etc.

531 2424 61 32 Les
636 2424 90 32 deux
762 2423 102 33 salles
909 2427 192 29 contenant
1146 2422 119 34 l'école
1302 2422 156 45 anglaise
1495 2421 131 33 n'étant
1655 2432 60 32 pas
1743 2419 230 38 numérotées,
2014 2429 90 22 nous

385 2494 194 45 désignons
600 2495 30 32 la
659 2494 165 44 première
844 2493 48 47 (la
920 2495 79 43 plus
1027 2495 126 42 proche
1180 2494 61 33 des
1263 2494 101 32 salles
1385 2494 45 31 du
1454 2491 175 46 Mobilier)
1648 2502 58 32 par
1727 2492 49 32 les
1798 2490 149 34 initiales
1967 2490 78 35 A-I,
2069 2494 33 28 et

385 2565 31 32 la
445 2566 149 32 seconde
622 2576 58 32 par
707 2566 49 32 les
785 2565 151 34 initiales
962 2565 96 34 A-II.
