<?xml version="1.0" encoding="UTF8" standalone="no"?>
<alto xmlns="http://bibnum.bnf.fr/ns/alto_prod" xmlns:xlink="http://www.w3.org/TR/xlink" xmlns:xsi="http://www.w3.org/2001/XMLSchema-instance" ID="alto.6477124" xsi:schemaLocation="http://bibnum.bnf.fr/ns/alto_prod http://bibnum.bnf.fr/ns/alto_prod.xsd">
  <Description>
    <MeasurementUnit>pixel</MeasurementUnit>
    <sourceImageInformation>
      <fileName>00000151.tif</fileName>
    </sourceImageInformation>
    <OCRProcessing ID="OCR_1">
      <ocrProcessingStep>
        <processingDateTime>2013-01-22</processingDateTime>
        <processingStepDescription>[001_OCR_BRUT]OCR BRUT 96.440 %</processingStepDescription>
        <processingStepDescription>[002_TOTAL_CHARS]{1317}</processingStepDescription>
        <processingStepDescription>[003_TOTAL_CHARS_USED]{57}</processingStepDescription>
        <processingStepDescription>[004_TOTAL_CHARS_SUSPECTS_USED]{0}</processingStepDescription>
        <processingStepDescription>[005_TOTAL_CHARS_UNUSED]{1260}</processingStepDescription>
        <processingStepDescription>[006_TOTAL_CHARS_SUSPECTS_UNUSED]{5}</processingStepDescription>
        <processingStepDescription>[007_TOTAL_STRINGS]{266}</processingStepDescription>
        <processingStepDescription>[011_CHARS_PUNCTUATION]{90}</processingStepDescription>
        <processingStepDescription>[012_CHARS_DIGITS]{121}</processingStepDescription>
        <processingStepDescription>[013_CHARS_SUSPECT]{5}</processingStepDescription>
        <processingStepDescription>[022_CHARS_UNUSED_BY_BLOCK]{0}</processingStepDescription>
        <processingStepDescription>[111_LIGS_DETECTED_CURV]{0}</processingStepDescription>
        <processingStepSettings>OCR 96.520 %</processingStepSettings>
      </ocrProcessingStep>
    </OCRProcessing>
  </Description>
  <Styles>
    <TextStyle FONTFAMILY="Times" FONTSIZE="12" ID="TXT_1"/>
  </Styles>
  <Layout>
    <Page HEIGHT="3467" ID="PAG_00000151" PHYSICAL_IMG_NR="1" QUALITY="OK" WIDTH="2211">
    <TopMargin HEIGHT="458" HPOS="0" ID="PAG_00000151_TopMargin" VPOS="0" WIDTH="2211">
    <TextBlock HEIGHT="55" HPOS="400" ID="PAG_00000151_TB000001" STYLEREFS="TXT_1" VPOS="327" WIDTH="1262" language="fr">
      <TextLine HEIGHT="55" HPOS="400" ID="PAG_00000151_TL000001" STYLEREFS="TXT_1" VPOS="327" WIDTH="1262">
        <String CONTENT="130" HEIGHT="44" HPOS="400" ID="PAG_00000151_ST000001" STYLEREFS="TXT_1" VPOS="327" WC="1" WIDTH="87"/>
        <SP HPOS="487" ID="PAG_00000151_SP000001" VPOS="330" WIDTH="256"/>
        <String CONTENT="PARIS," HEIGHT="52" HPOS="743" ID="PAG_00000151_ST000002" STYLEREFS="TXT_1" VPOS="330" WC="1" WIDTH="143"/>
        <SP HPOS="886" ID="PAG_00000151_SP000002" VPOS="330" WIDTH="37"/>
        <String CONTENT="MUSÉE" HEIGHT="42" HPOS="923" ID="PAG_00000151_ST000003" STYLEREFS="TXT_1" VPOS="330" WC="1" WIDTH="157"/>
        <SP HPOS="1080" ID="PAG_00000151_SP000003" VPOS="332" WIDTH="32"/>
        <String CONTENT="NATIONAL" HEIGHT="42" HPOS="1112" ID="PAG_00000151_ST000004" STYLEREFS="TXT_1" VPOS="332" WC="1" WIDTH="239"/>
        <SP HPOS="1351" ID="PAG_00000151_SP000004" VPOS="345" WIDTH="33"/>
        <String CONTENT="DU" HEIGHT="29" HPOS="1384" ID="PAG_00000151_ST000005" STYLEREFS="TXT_1" VPOS="345" WC="1" WIDTH="60"/>
        <SP HPOS="1444" ID="PAG_00000151_SP000005" VPOS="332" WIDTH="34"/>
        <String CONTENT="LOUVRE" HEIGHT="43" HPOS="1478" ID="PAG_00000151_ST000006" STYLEREFS="TXT_1" VPOS="332" WC="1" WIDTH="184"/>
      </TextLine>
    </TextBlock>
    </TopMargin>
    <PrintSpace HEIGHT="2444" HPOS="364" ID="PAG_00000151_PrintSpace" VPOS="458" WIDTH="1694">
    <TextBlock HEIGHT="817" HPOS="364" ID="PAG_00000151_TB000002" STYLEREFS="TXT_1" TYPE="table" VPOS="458" WIDTH="1545" language="fr">
      <TextLine HEIGHT="50" HPOS="365" ID="PAG_00000151_TL000002" STYLEREFS="TXT_1" VPOS="458" WIDTH="1340">
        <String CONTENT="1933" HEIGHT="36" HPOS="365" ID="PAG_00000151_ST000007" STYLEREFS="TXT_1" VPOS="458" WC="1" WIDTH="91"/>
        <SP HPOS="456" ID="PAG_00000151_SP000006" VPOS="459" WIDTH="125"/>
        <String CONTENT="Champaigne," HEIGHT="45" HPOS="581" ID="PAG_00000151_ST000008" STYLEREFS="TXT_1" VPOS="459" WC="1" WIDTH="275"/>
        <SP HPOS="856" ID="PAG_00000151_SP000007" VPOS="460" WIDTH="32"/>
        <String CONTENT="Philippe" HEIGHT="44" HPOS="888" ID="PAG_00000151_ST000009" STYLEREFS="TXT_1" VPOS="460" WC="1" WIDTH="176"/>
        <SP HPOS="1064" ID="PAG_00000151_SP000008" VPOS="461" WIDTH="29"/>
        <String CONTENT="de" HEIGHT="34" HPOS="1093" ID="PAG_00000151_ST000010" STYLEREFS="TXT_1" VPOS="461" WC="1" WIDTH="45"/>
        <SP HPOS="1138" ID="PAG_00000151_SP000009" VPOS="460" WIDTH="27"/>
        <String CONTENT="(1602-1674)." HEIGHT="46" HPOS="1165" ID="PAG_00000151_ST000011" STYLEREFS="TXT_1" VPOS="460" WC="0.97" WIDTH="253"/>
        <SP HPOS="1418" ID="PAG_00000151_SP000010" VPOS="483" WIDTH="49"/>
        <String CONTENT="&#8212;" HEIGHT="3" HPOS="1467" ID="PAG_00000151_ST000012" STYLEREFS="TXT_1" VPOS="483" WC="0.66" WIDTH="41"/>
        <SP HPOS="1508" ID="PAG_00000151_SP000011" VPOS="462" WIDTH="40"/>
        <String CONTENT="L'apôtre" HEIGHT="46" HPOS="1548" ID="PAG_00000151_ST000013" STYLEREFS="TXT_1" VPOS="462" WC="1" WIDTH="157"/>
      </TextLine>
      <TextLine HEIGHT="45" HPOS="772" ID="PAG_00000151_TL000003" STYLEREFS="TXT_1" VPOS="520" WIDTH="1041">
        <String CONTENT="Saint" HEIGHT="33" HPOS="772" ID="PAG_00000151_ST000014" STYLEREFS="TXT_1" VPOS="520" WC="1" WIDTH="98"/>
        <SP HPOS="870" ID="PAG_00000151_SP000012" VPOS="520" WIDTH="28"/>
        <String CONTENT="Philippe" HEIGHT="45" HPOS="898" ID="PAG_00000151_ST000015" STYLEREFS="TXT_1" VPOS="520" WC="1" WIDTH="160"/>
        <SP HPOS="1058" ID="PAG_00000151_SP000013" VPOS="548" WIDTH="87"/>
        <String CONTENT="XII" HEIGHT="34" HPOS="1747" ID="PAG_00000151_ST000016" STYLEREFS="TXT_1" VPOS="522" WC="1" WIDTH="66"/>
      </TextLine>
      <TextLine HEIGHT="49" HPOS="364" ID="PAG_00000151_TL000004" STYLEREFS="TXT_1" VPOS="578" WIDTH="1338">
        <String CONTENT="1934" HEIGHT="35" HPOS="364" ID="PAG_00000151_ST000017" STYLEREFS="TXT_1" VPOS="578" WC="1" WIDTH="93"/>
        <SP HPOS="457" ID="PAG_00000151_SP000014" VPOS="599" WIDTH="173"/>
        <String CONTENT="&#8212;" HEIGHT="3" HPOS="630" ID="PAG_00000151_ST000018" STYLEREFS="TXT_1" VPOS="599" WC="0.66" WIDTH="41"/>
        <SP HPOS="671" ID="PAG_00000151_SP000015" VPOS="579" WIDTH="54"/>
        <String CONTENT="Portrait" HEIGHT="34" HPOS="725" ID="PAG_00000151_ST000019" STYLEREFS="TXT_1" VPOS="579" WC="1" WIDTH="149"/>
        <SP HPOS="874" ID="PAG_00000151_SP000016" VPOS="580" WIDTH="36"/>
        <String CONTENT="de" HEIGHT="33" HPOS="910" ID="PAG_00000151_ST000020" STYLEREFS="TXT_1" VPOS="580" WC="1" WIDTH="42"/>
        <SP HPOS="952" ID="PAG_00000151_SP000017" VPOS="580" WIDTH="35"/>
        <String CONTENT="la" HEIGHT="33" HPOS="987" ID="PAG_00000151_ST000021" STYLEREFS="TXT_1" VPOS="580" WC="1" WIDTH="30"/>
        <SP HPOS="1017" ID="PAG_00000151_SP000018" VPOS="582" WIDTH="34"/>
        <String CONTENT="mère" HEIGHT="32" HPOS="1051" ID="PAG_00000151_ST000022" STYLEREFS="TXT_1" VPOS="582" WC="1" WIDTH="96"/>
        <SP HPOS="1147" ID="PAG_00000151_SP000019" VPOS="581" WIDTH="41"/>
        <String CONTENT="Catherine-Agnès" HEIGHT="46" HPOS="1188" ID="PAG_00000151_ST000023" STYLEREFS="TXT_1" VPOS="581" WC="1" WIDTH="329"/>
        <SP HPOS="1517" ID="PAG_00000151_SP000020" VPOS="583" WIDTH="41"/>
        <String CONTENT="Arnaud" HEIGHT="33" HPOS="1558" ID="PAG_00000151_ST000024" STYLEREFS="TXT_1" VPOS="583" WC="1" WIDTH="144"/>
      </TextLine>
      <TextLine HEIGHT="46" HPOS="771" ID="PAG_00000151_TL000005" STYLEREFS="TXT_1" VPOS="639" WIDTH="932">
        <String CONTENT="et" HEIGHT="25" HPOS="771" ID="PAG_00000151_ST000025" STYLEREFS="TXT_1" VPOS="648" WC="1" WIDTH="33"/>
        <SP HPOS="804" ID="PAG_00000151_SP000021" VPOS="640" WIDTH="36"/>
        <String CONTENT="de" HEIGHT="33" HPOS="840" ID="PAG_00000151_ST000026" STYLEREFS="TXT_1" VPOS="640" WC="1" WIDTH="43"/>
        <SP HPOS="883" ID="PAG_00000151_SP000022" VPOS="651" WIDTH="37"/>
        <String CONTENT="s&#339;ur" HEIGHT="22" HPOS="920" ID="PAG_00000151_ST000027" STYLEREFS="TXT_1" VPOS="651" WC="1" WIDTH="96"/>
        <SP HPOS="1016" ID="PAG_00000151_SP000023" VPOS="639" WIDTH="40"/>
        <String CONTENT="Catherine" HEIGHT="35" HPOS="1056" ID="PAG_00000151_ST000028" STYLEREFS="TXT_1" VPOS="639" WC="1" WIDTH="190"/>
        <SP HPOS="1246" ID="PAG_00000151_SP000024" VPOS="641" WIDTH="35"/>
        <String CONTENT="de" HEIGHT="33" HPOS="1281" ID="PAG_00000151_ST000029" STYLEREFS="TXT_1" VPOS="641" WC="1" WIDTH="43"/>
        <SP HPOS="1324" ID="PAG_00000151_SP000025" VPOS="641" WIDTH="39"/>
        <String CONTENT="Sainte" HEIGHT="34" HPOS="1363" ID="PAG_00000151_ST000030" STYLEREFS="TXT_1" VPOS="641" WC="1" WIDTH="118"/>
        <SP HPOS="1481" ID="PAG_00000151_SP000026" VPOS="642" WIDTH="48"/>
        <String CONTENT="Suzanne," HEIGHT="43" HPOS="1529" ID="PAG_00000151_ST000031" STYLEREFS="TXT_1" VPOS="642" WC="1" WIDTH="174"/>
      </TextLine>
      <TextLine HEIGHT="48" HPOS="771" ID="PAG_00000151_TL000006" STYLEREFS="TXT_1" VPOS="699" WIDTH="1106">
        <String CONTENT="fille" HEIGHT="34" HPOS="771" ID="PAG_00000151_ST000032" STYLEREFS="TXT_1" VPOS="699" WC="1" WIDTH="70"/>
        <SP HPOS="841" ID="PAG_00000151_SP000027" VPOS="700" WIDTH="27"/>
        <String CONTENT="de" HEIGHT="33" HPOS="868" ID="PAG_00000151_ST000033" STYLEREFS="TXT_1" VPOS="700" WC="1" WIDTH="43"/>
        <SP HPOS="911" ID="PAG_00000151_SP000028" VPOS="699" WIDTH="28"/>
        <String CONTENT="Philippe" HEIGHT="46" HPOS="939" ID="PAG_00000151_ST000034" STYLEREFS="TXT_1" VPOS="699" WC="1" WIDTH="160"/>
        <SP HPOS="1099" ID="PAG_00000151_SP000029" VPOS="700" WIDTH="27"/>
        <String CONTENT="de" HEIGHT="34" HPOS="1126" ID="PAG_00000151_ST000035" STYLEREFS="TXT_1" VPOS="700" WC="1" WIDTH="42"/>
        <SP HPOS="1168" ID="PAG_00000151_SP000030" VPOS="700" WIDTH="28"/>
        <String CONTENT="Champaigne." HEIGHT="47" HPOS="1196" ID="PAG_00000151_ST000036" STYLEREFS="TXT_1" VPOS="700" WC="1" WIDTH="500"/>
        <SP HPOS="1696" ID="PAG_00000151_SP000031" VPOS="702" WIDTH="59"/>
        <String CONTENT="XIV-S" HEIGHT="35" HPOS="1755" ID="PAG_00000151_ST000037" STYLEREFS="TXT_1" VPOS="702" WC="1" WIDTH="122"/>
      </TextLine>
      <TextLine HEIGHT="47" HPOS="366" ID="PAG_00000151_TL000007" STYLEREFS="TXT_1" VPOS="758" WIDTH="1517">
        <String CONTENT="1937" HEIGHT="35" HPOS="366" ID="PAG_00000151_ST000038" STYLEREFS="TXT_1" VPOS="758" WC="1" WIDTH="90"/>
        <SP HPOS="456" ID="PAG_00000151_SP000032" VPOS="779" WIDTH="174"/>
        <String CONTENT="&#8212;" HEIGHT="3" HPOS="630" ID="PAG_00000151_ST000039" STYLEREFS="TXT_1" VPOS="779" WC="0.66" WIDTH="41"/>
        <SP HPOS="671" ID="PAG_00000151_SP000033" VPOS="759" WIDTH="55"/>
        <String CONTENT="Louis" HEIGHT="34" HPOS="726" ID="PAG_00000151_ST000040" STYLEREFS="TXT_1" VPOS="759" WC="1" WIDTH="106"/>
        <SP HPOS="832" ID="PAG_00000151_SP000034" VPOS="759" WIDTH="26"/>
        <String CONTENT="XIII" HEIGHT="33" HPOS="858" ID="PAG_00000151_ST000041" STYLEREFS="TXT_1" VPOS="759" WC="0.96" WIDTH="84"/>
        <SP HPOS="942" ID="PAG_00000151_SP000035" VPOS="761" WIDTH="28"/>
        <String CONTENT="couronné" HEIGHT="33" HPOS="970" ID="PAG_00000151_ST000042" STYLEREFS="TXT_1" VPOS="761" WC="1" WIDTH="182"/>
        <SP HPOS="1152" ID="PAG_00000151_SP000036" VPOS="771" WIDTH="29"/>
        <String CONTENT="par" HEIGHT="34" HPOS="1181" ID="PAG_00000151_ST000043" STYLEREFS="TXT_1" VPOS="771" WC="1" WIDTH="58"/>
        <SP HPOS="1239" ID="PAG_00000151_SP000037" VPOS="760" WIDTH="26"/>
        <String CONTENT="la" HEIGHT="34" HPOS="1265" ID="PAG_00000151_ST000044" STYLEREFS="TXT_1" VPOS="760" WC="1" WIDTH="31"/>
        <SP HPOS="1296" ID="PAG_00000151_SP000038" VPOS="761" WIDTH="27"/>
        <String CONTENT="Victoire" HEIGHT="34" HPOS="1323" ID="PAG_00000151_ST000045" STYLEREFS="TXT_1" VPOS="761" WC="0.99" WIDTH="168"/>
        <SP HPOS="1491" ID="PAG_00000151_SP000039" VPOS="761" WIDTH="58"/>
        <String CONTENT="XIV-0" HEIGHT="36" HPOS="1755" ID="PAG_00000151_ST000046" STYLEREFS="TXT_1" VPOS="761" WC="1" WIDTH="128"/>
      </TextLine>
      <TextLine HEIGHT="47" HPOS="365" ID="PAG_00000151_TL000008" STYLEREFS="TXT_1" VPOS="817" WIDTH="1517">
        <String CONTENT="1938" HEIGHT="36" HPOS="365" ID="PAG_00000151_ST000047" STYLEREFS="TXT_1" VPOS="817" WC="1" WIDTH="91"/>
        <SP HPOS="456" ID="PAG_00000151_SP000040" VPOS="839" WIDTH="174"/>
        <String CONTENT="&#8212;" HEIGHT="3" HPOS="630" ID="PAG_00000151_ST000048" STYLEREFS="TXT_1" VPOS="839" WC="0.66" WIDTH="42"/>
        <SP HPOS="672" ID="PAG_00000151_SP000041" VPOS="818" WIDTH="55"/>
        <String CONTENT="Portrait" HEIGHT="34" HPOS="727" ID="PAG_00000151_ST000049" STYLEREFS="TXT_1" VPOS="818" WC="1" WIDTH="149"/>
        <SP HPOS="876" ID="PAG_00000151_SP000042" VPOS="831" WIDTH="28"/>
        <String CONTENT="en" HEIGHT="21" HPOS="904" ID="PAG_00000151_ST000050" STYLEREFS="TXT_1" VPOS="831" WC="1" WIDTH="43"/>
        <SP HPOS="947" ID="PAG_00000151_SP000043" VPOS="820" WIDTH="28"/>
        <String CONTENT="pied" HEIGHT="44" HPOS="975" ID="PAG_00000151_ST000051" STYLEREFS="TXT_1" VPOS="820" WC="1" WIDTH="78"/>
        <SP HPOS="1053" ID="PAG_00000151_SP000044" VPOS="820" WIDTH="28"/>
        <String CONTENT="du" HEIGHT="33" HPOS="1081" ID="PAG_00000151_ST000052" STYLEREFS="TXT_1" VPOS="820" WC="1" WIDTH="46"/>
        <SP HPOS="1127" ID="PAG_00000151_SP000045" VPOS="820" WIDTH="27"/>
        <String CONTENT="cardinal" HEIGHT="33" HPOS="1154" ID="PAG_00000151_ST000053" STYLEREFS="TXT_1" VPOS="820" WC="1" WIDTH="152"/>
        <SP HPOS="1306" ID="PAG_00000151_SP000046" VPOS="821" WIDTH="27"/>
        <String CONTENT="de" HEIGHT="33" HPOS="1333" ID="PAG_00000151_ST000054" STYLEREFS="TXT_1" VPOS="821" WC="1" WIDTH="43"/>
        <SP HPOS="1376" ID="PAG_00000151_SP000047" VPOS="821" WIDTH="27"/>
        <String CONTENT="Richelieu." HEIGHT="35" HPOS="1403" ID="PAG_00000151_ST000055" STYLEREFS="TXT_1" VPOS="821" WC="1" WIDTH="293"/>
        <SP HPOS="1696" ID="PAG_00000151_SP000048" VPOS="821" WIDTH="59"/>
        <String CONTENT="XIV-0" HEIGHT="35" HPOS="1755" ID="PAG_00000151_ST000056" STYLEREFS="TXT_1" VPOS="821" WC="1" WIDTH="127"/>
      </TextLine>
      <TextLine HEIGHT="49" HPOS="366" ID="PAG_00000151_TL000009" STYLEREFS="TXT_1" VPOS="877" WIDTH="1458">
        <String CONTENT="1939" HEIGHT="36" HPOS="366" ID="PAG_00000151_ST000057" STYLEREFS="TXT_1" VPOS="877" WC="1" WIDTH="91"/>
        <SP HPOS="457" ID="PAG_00000151_SP000049" VPOS="899" WIDTH="172"/>
        <String CONTENT="&#8212;" HEIGHT="3" HPOS="629" ID="PAG_00000151_ST000058" STYLEREFS="TXT_1" VPOS="899" WC="0.66" WIDTH="45"/>
        <SP HPOS="674" ID="PAG_00000151_SP000050" VPOS="879" WIDTH="53"/>
        <String CONTENT="Portrait" HEIGHT="33" HPOS="727" ID="PAG_00000151_ST000059" STYLEREFS="TXT_1" VPOS="879" WC="1" WIDTH="148"/>
        <SP HPOS="875" ID="PAG_00000151_SP000051" VPOS="878" WIDTH="13"/>
        <String CONTENT="d'homme" HEIGHT="35" HPOS="888" ID="PAG_00000151_ST000060" STYLEREFS="TXT_1" VPOS="878" WC="1" WIDTH="186"/>
        <SP HPOS="1074" ID="PAG_00000151_SP000052" VPOS="880" WIDTH="13"/>
        <String CONTENT="(Peut-être" HEIGHT="39" HPOS="1087" ID="PAG_00000151_ST000061" STYLEREFS="TXT_1" VPOS="880" WC="1" WIDTH="196"/>
        <SP HPOS="1283" ID="PAG_00000151_SP000053" VPOS="880" WIDTH="19"/>
        <String CONTENT="Arnaud" HEIGHT="34" HPOS="1302" ID="PAG_00000151_ST000062" STYLEREFS="TXT_1" VPOS="880" WC="1" WIDTH="146"/>
        <SP HPOS="1448" ID="PAG_00000151_SP000054" VPOS="881" WIDTH="17"/>
        <String CONTENT="de" HEIGHT="33" HPOS="1465" ID="PAG_00000151_ST000063" STYLEREFS="TXT_1" VPOS="881" WC="1" WIDTH="42"/>
        <SP HPOS="1507" ID="PAG_00000151_SP000055" VPOS="880" WIDTH="20"/>
        <String CONTENT="Luzancy)" HEIGHT="46" HPOS="1527" ID="PAG_00000151_ST000064" STYLEREFS="TXT_1" VPOS="880" WC="1" WIDTH="176"/>
        <SP HPOS="1703" ID="PAG_00000151_SP000056" VPOS="881" WIDTH="53"/>
        <String CONTENT="XII" HEIGHT="34" HPOS="1756" ID="PAG_00000151_ST000065" STYLEREFS="TXT_1" VPOS="881" WC="1" WIDTH="68"/>
      </TextLine>
      <TextLine HEIGHT="48" HPOS="365" ID="PAG_00000151_TL000010" STYLEREFS="TXT_1" VPOS="938" WIDTH="1544">
        <String CONTENT="1939" HEIGHT="35" HPOS="365" ID="PAG_00000151_ST000066" STYLEREFS="TXT_1" VPOS="938" WC="1" WIDTH="86"/>
        <SP HPOS="451" ID="PAG_00000151_SP000057" VPOS="938" WIDTH="1"/>
        <String CONTENT="a" HEIGHT="35" HPOS="451" ID="PAG_00000151_ST000067" STYLEREFS="TXT_1" VPOS="938" WC="1" WIDTH="53"/>
        <SP HPOS="504" ID="PAG_00000151_SP000058" VPOS="959" WIDTH="127"/>
        <String CONTENT="-" HEIGHT="2" HPOS="631" ID="PAG_00000151_ST000068" STYLEREFS="TXT_1" VPOS="959" WC="0.65" WIDTH="37"/>
        <SP HPOS="668" ID="PAG_00000151_SP000059" VPOS="938" WIDTH="57"/>
        <String CONTENT="I" HEIGHT="34" HPOS="725" ID="PAG_00000151_ST000069" STYLEREFS="TXT_1" VPOS="938" WC="0.99" WIDTH="26"/>
        <SP HPOS="751" ID="PAG_00000151_SP000060" VPOS="938" WIDTH="1"/>
        <String CONTENT="ortrait" HEIGHT="34" HPOS="751" ID="PAG_00000151_ST000070" STYLEREFS="TXT_1" VPOS="938" WC="0.99" WIDTH="122"/>
        <SP HPOS="873" ID="PAG_00000151_SP000061" VPOS="939" WIDTH="28"/>
        <String CONTENT="de" HEIGHT="33" HPOS="901" ID="PAG_00000151_ST000071" STYLEREFS="TXT_1" VPOS="939" WC="1" WIDTH="42"/>
        <SP HPOS="943" ID="PAG_00000151_SP000062" VPOS="939" WIDTH="29"/>
        <String CONTENT="Le" HEIGHT="33" HPOS="972" ID="PAG_00000151_ST000072" STYLEREFS="TXT_1" VPOS="939" WC="1" WIDTH="46"/>
        <SP HPOS="1018" ID="PAG_00000151_SP000063" VPOS="939" WIDTH="28"/>
        <String CONTENT="Maistre" HEIGHT="34" HPOS="1046" ID="PAG_00000151_ST000073" STYLEREFS="TXT_1" VPOS="939" WC="1" WIDTH="141"/>
        <SP HPOS="1187" ID="PAG_00000151_SP000064" VPOS="940" WIDTH="27"/>
        <String CONTENT="de" HEIGHT="33" HPOS="1214" ID="PAG_00000151_ST000074" STYLEREFS="TXT_1" VPOS="940" WC="1" WIDTH="43"/>
        <SP HPOS="1257" ID="PAG_00000151_SP000065" VPOS="940" WIDTH="27"/>
        <String CONTENT="Sacy" HEIGHT="46" HPOS="1284" ID="PAG_00000151_ST000075" STYLEREFS="TXT_1" VPOS="940" WC="1" WIDTH="88"/>
        <SP HPOS="1372" ID="PAG_00000151_SP000066" VPOS="939" WIDTH="30"/>
        <String CONTENT="(Attribué)." HEIGHT="47" HPOS="1402" ID="PAG_00000151_ST000076" STYLEREFS="TXT_1" VPOS="939" WC="1" WIDTH="304"/>
        <SP HPOS="1706" ID="PAG_00000151_SP000067" VPOS="940" WIDTH="58"/>
        <String CONTENT="XXXIV" HEIGHT="34" HPOS="1764" ID="PAG_00000151_ST000077" STYLEREFS="TXT_1" VPOS="940" WC="1" WIDTH="145"/>
      </TextLine>
      <TextLine HEIGHT="48" HPOS="366" ID="PAG_00000151_TL000011" STYLEREFS="TXT_1" VPOS="997" WIDTH="1339">
        <String CONTENT="1940" HEIGHT="35" HPOS="366" ID="PAG_00000151_ST000078" STYLEREFS="TXT_1" VPOS="997" WC="1" WIDTH="91"/>
        <SP HPOS="457" ID="PAG_00000151_SP000068" VPOS="1019" WIDTH="173"/>
        <String CONTENT="&#8212;" HEIGHT="3" HPOS="630" ID="PAG_00000151_ST000079" STYLEREFS="TXT_1" VPOS="1019" WC="0.66" WIDTH="41"/>
        <SP HPOS="671" ID="PAG_00000151_SP000069" VPOS="998" WIDTH="55"/>
        <String CONTENT="Portrait" HEIGHT="34" HPOS="726" ID="PAG_00000151_ST000080" STYLEREFS="TXT_1" VPOS="998" WC="1" WIDTH="149"/>
        <SP HPOS="875" ID="PAG_00000151_SP000070" VPOS="998" WIDTH="27"/>
        <String CONTENT="d'homme" HEIGHT="34" HPOS="902" ID="PAG_00000151_ST000081" STYLEREFS="TXT_1" VPOS="998" WC="1" WIDTH="186"/>
        <SP HPOS="1088" ID="PAG_00000151_SP000071" VPOS="999" WIDTH="30"/>
        <String CONTENT="(Peut-être" HEIGHT="46" HPOS="1118" ID="PAG_00000151_ST000082" STYLEREFS="TXT_1" VPOS="999" WC="1" WIDTH="192"/>
        <SP HPOS="1310" ID="PAG_00000151_SP000072" VPOS="1000" WIDTH="29"/>
        <String CONTENT="Etienne" HEIGHT="34" HPOS="1339" ID="PAG_00000151_ST000083" STYLEREFS="TXT_1" VPOS="1000" WC="0.96" WIDTH="148"/>
        <SP HPOS="1487" ID="PAG_00000151_SP000073" VPOS="1000" WIDTH="34"/>
        <String CONTENT="Delafons," HEIGHT="42" HPOS="1521" ID="PAG_00000151_ST000084" STYLEREFS="TXT_1" VPOS="1000" WC="1" WIDTH="184"/>
      </TextLine>
      <TextLine HEIGHT="45" HPOS="773" ID="PAG_00000151_TL000012" STYLEREFS="TXT_1" VPOS="1058" WIDTH="1050">
        <String CONTENT="conseiller" HEIGHT="34" HPOS="773" ID="PAG_00000151_ST000085" STYLEREFS="TXT_1" VPOS="1058" WC="1" WIDTH="185"/>
        <SP HPOS="958" ID="PAG_00000151_SP000074" VPOS="1058" WIDTH="26"/>
        <String CONTENT="d'Etat)" HEIGHT="45" HPOS="984" ID="PAG_00000151_ST000086" STYLEREFS="TXT_1" VPOS="1058" WC="0.98" WIDTH="167"/>
        <SP HPOS="1151" ID="PAG_00000151_SP000075" VPOS="1058" WIDTH="59"/>
        <String CONTENT="XII" HEIGHT="34" HPOS="1756" ID="PAG_00000151_ST000087" STYLEREFS="TXT_1" VPOS="1059" WC="1" WIDTH="67"/>
      </TextLine>
      <TextLine HEIGHT="46" HPOS="366" ID="PAG_00000151_TL000013" STYLEREFS="TXT_1" VPOS="1117" WIDTH="1458">
        <String CONTENT="1941" HEIGHT="35" HPOS="366" ID="PAG_00000151_ST000088" STYLEREFS="TXT_1" VPOS="1117" WC="1" WIDTH="89"/>
        <SP HPOS="455" ID="PAG_00000151_SP000076" VPOS="1138" WIDTH="176"/>
        <String CONTENT="&#8212;" HEIGHT="3" HPOS="631" ID="PAG_00000151_ST000089" STYLEREFS="TXT_1" VPOS="1138" WC="0.66" WIDTH="42"/>
        <SP HPOS="673" ID="PAG_00000151_SP000077" VPOS="1118" WIDTH="55"/>
        <String CONTENT="Portrait" HEIGHT="33" HPOS="728" ID="PAG_00000151_ST000090" STYLEREFS="TXT_1" VPOS="1118" WC="1" WIDTH="148"/>
        <SP HPOS="876" ID="PAG_00000151_SP000078" VPOS="1119" WIDTH="28"/>
        <String CONTENT="présumé" HEIGHT="44" HPOS="904" ID="PAG_00000151_ST000091" STYLEREFS="TXT_1" VPOS="1119" WC="1" WIDTH="163"/>
        <SP HPOS="1067" ID="PAG_00000151_SP000079" VPOS="1119" WIDTH="27"/>
        <String CONTENT="de" HEIGHT="33" HPOS="1094" ID="PAG_00000151_ST000092" STYLEREFS="TXT_1" VPOS="1119" WC="1" WIDTH="43"/>
        <SP HPOS="1137" ID="PAG_00000151_SP000080" VPOS="1119" WIDTH="28"/>
        <String CONTENT="la" HEIGHT="33" HPOS="1165" ID="PAG_00000151_ST000093" STYLEREFS="TXT_1" VPOS="1119" WC="1" WIDTH="30"/>
        <SP HPOS="1195" ID="PAG_00000151_SP000081" VPOS="1119" WIDTH="27"/>
        <String CONTENT="fille" HEIGHT="34" HPOS="1222" ID="PAG_00000151_ST000094" STYLEREFS="TXT_1" VPOS="1119" WC="1" WIDTH="68"/>
        <SP HPOS="1290" ID="PAG_00000151_SP000082" VPOS="1120" WIDTH="28"/>
        <String CONTENT="de" HEIGHT="33" HPOS="1318" ID="PAG_00000151_ST000095" STYLEREFS="TXT_1" VPOS="1120" WC="1" WIDTH="42"/>
        <SP HPOS="1360" ID="PAG_00000151_SP000083" VPOS="1120" WIDTH="28"/>
        <String CONTENT="l'artiste" HEIGHT="34" HPOS="1388" ID="PAG_00000151_ST000096" STYLEREFS="TXT_1" VPOS="1120" WC="0.98" WIDTH="162"/>
        <SP HPOS="1550" ID="PAG_00000151_SP000084" VPOS="1120" WIDTH="59"/>
        <String CONTENT="XII" HEIGHT="34" HPOS="1756" ID="PAG_00000151_ST000097" STYLEREFS="TXT_1" VPOS="1119" WC="1" WIDTH="68"/>
      </TextLine>
      <TextLine HEIGHT="48" HPOS="366" ID="PAG_00000151_TL000014" STYLEREFS="TXT_1" VPOS="1177" WIDTH="1458">
        <String CONTENT="1942" HEIGHT="35" HPOS="366" ID="PAG_00000151_ST000098" STYLEREFS="TXT_1" VPOS="1177" WC="1" WIDTH="91"/>
        <SP HPOS="457" ID="PAG_00000151_SP000085" VPOS="1198" WIDTH="174"/>
        <String CONTENT="&#8212;" HEIGHT="3" HPOS="631" ID="PAG_00000151_ST000099" STYLEREFS="TXT_1" VPOS="1198" WC="0.66" WIDTH="40"/>
        <SP HPOS="671" ID="PAG_00000151_SP000086" VPOS="1178" WIDTH="55"/>
        <String CONTENT="Portrait" HEIGHT="33" HPOS="726" ID="PAG_00000151_ST000100" STYLEREFS="TXT_1" VPOS="1178" WC="1" WIDTH="148"/>
        <SP HPOS="874" ID="PAG_00000151_SP000087" VPOS="1178" WIDTH="28"/>
        <String CONTENT="d'une" HEIGHT="34" HPOS="902" ID="PAG_00000151_ST000101" STYLEREFS="TXT_1" VPOS="1178" WC="1" WIDTH="106"/>
        <SP HPOS="1008" ID="PAG_00000151_SP000088" VPOS="1179" WIDTH="27"/>
        <String CONTENT="jeune" HEIGHT="46" HPOS="1035" ID="PAG_00000151_ST000102" STYLEREFS="TXT_1" VPOS="1179" WC="1" WIDTH="103"/>
        <SP HPOS="1138" ID="PAG_00000151_SP000089" VPOS="1178" WIDTH="28"/>
        <String CONTENT="fille" HEIGHT="34" HPOS="1166" ID="PAG_00000151_ST000103" STYLEREFS="TXT_1" VPOS="1178" WC="1" WIDTH="69"/>
        <SP HPOS="1235" ID="PAG_00000151_SP000090" VPOS="1180" WIDTH="27"/>
        <String CONTENT="de" HEIGHT="33" HPOS="1262" ID="PAG_00000151_ST000104" STYLEREFS="TXT_1" VPOS="1180" WC="1" WIDTH="42"/>
        <SP HPOS="1304" ID="PAG_00000151_SP000091" VPOS="1180" WIDTH="27"/>
        <String CONTENT="cinq" HEIGHT="45" HPOS="1331" ID="PAG_00000151_ST000105" STYLEREFS="TXT_1" VPOS="1180" WC="1" WIDTH="78"/>
        <SP HPOS="1409" ID="PAG_00000151_SP000092" VPOS="1182" WIDTH="28"/>
        <String CONTENT="à" HEIGHT="31" HPOS="1437" ID="PAG_00000151_ST000106" STYLEREFS="TXT_1" VPOS="1182" WC="1" WIDTH="19"/>
        <SP HPOS="1456" ID="PAG_00000151_SP000093" VPOS="1180" WIDTH="27"/>
        <String CONTENT="six" HEIGHT="33" HPOS="1483" ID="PAG_00000151_ST000107" STYLEREFS="TXT_1" VPOS="1180" WC="1" WIDTH="49"/>
        <SP HPOS="1532" ID="PAG_00000151_SP000094" VPOS="1191" WIDTH="28"/>
        <String CONTENT="ans" HEIGHT="22" HPOS="1560" ID="PAG_00000151_ST000108" STYLEREFS="TXT_1" VPOS="1191" WC="1" WIDTH="61"/>
        <SP HPOS="1621" ID="PAG_00000151_SP000095" VPOS="1191" WIDTH="59"/>
        <String CONTENT="XII" HEIGHT="34" HPOS="1757" ID="PAG_00000151_ST000109" STYLEREFS="TXT_1" VPOS="1179" WC="1" WIDTH="67"/>
      </TextLine>
      <TextLine HEIGHT="38" HPOS="366" ID="PAG_00000151_TL000015" STYLEREFS="TXT_1" VPOS="1237" WIDTH="1458">
        <String CONTENT="1943" HEIGHT="36" HPOS="366" ID="PAG_00000151_ST000110" STYLEREFS="TXT_1" VPOS="1237" WC="1" WIDTH="91"/>
        <SP HPOS="457" ID="PAG_00000151_SP000096" VPOS="1258" WIDTH="173"/>
        <String CONTENT="&#8212;" HEIGHT="3" HPOS="630" ID="PAG_00000151_ST000111" STYLEREFS="TXT_1" VPOS="1258" WC="0.66" WIDTH="41"/>
        <SP HPOS="671" ID="PAG_00000151_SP000097" VPOS="1238" WIDTH="54"/>
        <String CONTENT="Portrait" HEIGHT="33" HPOS="725" ID="PAG_00000151_ST000112" STYLEREFS="TXT_1" VPOS="1238" WC="1" WIDTH="149"/>
        <SP HPOS="874" ID="PAG_00000151_SP000098" VPOS="1239" WIDTH="27"/>
        <String CONTENT="de" HEIGHT="33" HPOS="901" ID="PAG_00000151_ST000113" STYLEREFS="TXT_1" VPOS="1239" WC="1" WIDTH="43"/>
        <SP HPOS="944" ID="PAG_00000151_SP000099" VPOS="1238" WIDTH="28"/>
        <String CONTENT="femme" HEIGHT="34" HPOS="972" ID="PAG_00000151_ST000114" STYLEREFS="TXT_1" VPOS="1238" WC="1" WIDTH="133"/>
        <SP HPOS="1105" ID="PAG_00000151_SP000100" VPOS="1239" WIDTH="28"/>
        <String CONTENT="inconnue" HEIGHT="36" HPOS="1133" ID="PAG_00000151_ST000115" STYLEREFS="TXT_1" VPOS="1239" WC="0.99" WIDTH="188"/>
        <SP HPOS="1321" ID="PAG_00000151_SP000101" VPOS="1239" WIDTH="59"/>
        <String CONTENT="XII" HEIGHT="33" HPOS="1758" ID="PAG_00000151_ST000116" STYLEREFS="TXT_1" VPOS="1239" WC="1" WIDTH="66"/>
      </TextLine>
    </TextBlock>
    <Illustration HEIGHT="498" HPOS="370" ID="PAG_00000151_IL000001" VPOS="1294" WIDTH="951"/>
    <TextBlock HEIGHT="42" HPOS="427" ID="PAG_00000151_TB000003" STYLEREFS="TXT_1" VPOS="1801" WIDTH="864" language="fr">
      <TextLine HEIGHT="42" HPOS="427" ID="PAG_00000151_TL000016" STYLEREFS="TXT_1" VPOS="1801" WIDTH="864">
        <String CONTENT="1020" HEIGHT="31" HPOS="427" ID="PAG_00000151_ST000117" STYLEREFS="TXT_1" VPOS="1812" WC="0.80" WIDTH="84"/>
        <SP HPOS="511" ID="PAG_00000151_SP000102" VPOS="1801" WIDTH="333"/>
        <String CONTENT="PHILIPPE" HEIGHT="32" HPOS="844" ID="PAG_00000151_ST000118" STYLEREFS="TXT_1" VPOS="1801" WC="0.99" WIDTH="140"/>
        <SP HPOS="984" ID="PAG_00000151_SP000103" VPOS="1811" WIDTH="27"/>
        <String CONTENT="DE" HEIGHT="22" HPOS="1011" ID="PAG_00000151_ST000119" STYLEREFS="TXT_1" VPOS="1811" WC="1" WIDTH="38"/>
        <SP HPOS="1049" ID="PAG_00000151_SP000104" VPOS="1801" WIDTH="28"/>
        <String CONTENT="CHAMPAIGNE" HEIGHT="32" HPOS="1077" ID="PAG_00000151_ST000120" STYLEREFS="TXT_1" VPOS="1801" WC="1" WIDTH="214"/>
      </TextLine>
    </TextBlock>
    <Illustration HEIGHT="442" HPOS="1393" ID="PAG_00000151_IL000002" VPOS="1345" WIDTH="602"/>
    <TextBlock HEIGHT="43" HPOS="1440" ID="PAG_00000151_TB000004" STYLEREFS="TXT_1" VPOS="1797" WIDTH="508" language="fr">
      <TextLine HEIGHT="43" HPOS="1440" ID="PAG_00000151_TL000017" STYLEREFS="TXT_1" VPOS="1797" WIDTH="508">
        <String CONTENT="IQ=,7" HEIGHT="32" HPOS="1440" ID="PAG_00000151_ST000121" STYLEREFS="TXT_1" TYPE="illegible" VPOS="1808" WC="0.22" WIDTH="84"/>
        <SP HPOS="1524" ID="PAG_00000151_SP000105" VPOS="1797" WIDTH="149"/>
        <String CONTENT="GERARD" HEIGHT="34" HPOS="1673" ID="PAG_00000151_ST000122" STYLEREFS="TXT_1" VPOS="1797" WC="1" WIDTH="138"/>
        <SP HPOS="1811" ID="PAG_00000151_SP000106" VPOS="1799" WIDTH="29"/>
        <String CONTENT="DAVID" HEIGHT="30" HPOS="1840" ID="PAG_00000151_ST000123" STYLEREFS="TXT_1" VPOS="1799" WC="1" WIDTH="108"/>
      </TextLine>
    </TextBlock>
    <TextBlock HEIGHT="1032" HPOS="365" ID="PAG_00000151_TB000005" STYLEREFS="TXT_1" TYPE="table" VPOS="1870" WIDTH="1693" language="fr">
      <TextLine HEIGHT="47" HPOS="367" ID="PAG_00000151_TL000018" STYLEREFS="TXT_1" VPOS="1870" WIDTH="1340">
        <String CONTENT="1944" HEIGHT="36" HPOS="367" ID="PAG_00000151_ST000124" STYLEREFS="TXT_1" VPOS="1873" WC="1" WIDTH="91"/>
        <SP HPOS="458" ID="PAG_00000151_SP000107" VPOS="1873" WIDTH="124"/>
        <String CONTENT="Champaigne," HEIGHT="44" HPOS="582" ID="PAG_00000151_ST000125" STYLEREFS="TXT_1" VPOS="1873" WC="1" WIDTH="272"/>
        <SP HPOS="854" ID="PAG_00000151_SP000108" VPOS="1872" WIDTH="31"/>
        <String CONTENT="Philippe" HEIGHT="44" HPOS="885" ID="PAG_00000151_ST000126" STYLEREFS="TXT_1" VPOS="1872" WC="1" WIDTH="176"/>
        <SP HPOS="1061" ID="PAG_00000151_SP000109" VPOS="1872" WIDTH="30"/>
        <String CONTENT="de" HEIGHT="34" HPOS="1091" ID="PAG_00000151_ST000127" STYLEREFS="TXT_1" VPOS="1872" WC="1" WIDTH="45"/>
        <SP HPOS="1136" ID="PAG_00000151_SP000110" VPOS="1870" WIDTH="31"/>
        <String CONTENT="(1602-1674)." HEIGHT="46" HPOS="1167" ID="PAG_00000151_ST000128" STYLEREFS="TXT_1" VPOS="1870" WC="0.95" WIDTH="243"/>
        <SP HPOS="1410" ID="PAG_00000151_SP000111" VPOS="1890" WIDTH="50"/>
        <String CONTENT="&#8212;" HEIGHT="3" HPOS="1460" ID="PAG_00000151_ST000129" STYLEREFS="TXT_1" VPOS="1890" WC="0.66" WIDTH="41"/>
        <SP HPOS="1501" ID="PAG_00000151_SP000112" VPOS="1870" WIDTH="40"/>
        <String CONTENT="Portraits" HEIGHT="33" HPOS="1541" ID="PAG_00000151_ST000130" STYLEREFS="TXT_1" VPOS="1870" WC="1" WIDTH="166"/>
      </TextLine>
      <TextLine HEIGHT="44" HPOS="772" ID="PAG_00000151_TL000019" STYLEREFS="TXT_1" VPOS="1929" WIDTH="932">
        <String CONTENT="dits" HEIGHT="32" HPOS="772" ID="PAG_00000151_ST000131" STYLEREFS="TXT_1" VPOS="1933" WC="1" WIDTH="66"/>
        <SP HPOS="838" ID="PAG_00000151_SP000113" VPOS="1932" WIDTH="15"/>
        <String CONTENT="de" HEIGHT="33" HPOS="853" ID="PAG_00000151_ST000132" STYLEREFS="TXT_1" VPOS="1932" WC="1" WIDTH="42"/>
        <SP HPOS="895" ID="PAG_00000151_SP000114" VPOS="1931" WIDTH="19"/>
        <String CONTENT="François" HEIGHT="42" HPOS="914" ID="PAG_00000151_ST000133" STYLEREFS="TXT_1" VPOS="1931" WC="1" WIDTH="162"/>
        <SP HPOS="1076" ID="PAG_00000151_SP000115" VPOS="1930" WIDTH="17"/>
        <String CONTENT="Mansard" HEIGHT="34" HPOS="1093" ID="PAG_00000151_ST000134" STYLEREFS="TXT_1" VPOS="1930" WC="1" WIDTH="163"/>
        <SP HPOS="1256" ID="PAG_00000151_SP000116" VPOS="1939" WIDTH="22"/>
        <String CONTENT="et" HEIGHT="24" HPOS="1278" ID="PAG_00000151_ST000135" STYLEREFS="TXT_1" VPOS="1939" WC="1" WIDTH="32"/>
        <SP HPOS="1310" ID="PAG_00000151_SP000117" VPOS="1930" WIDTH="18"/>
        <String CONTENT="de" HEIGHT="33" HPOS="1328" ID="PAG_00000151_ST000136" STYLEREFS="TXT_1" VPOS="1930" WC="1" WIDTH="43"/>
        <SP HPOS="1371" ID="PAG_00000151_SP000118" VPOS="1929" WIDTH="15"/>
        <String CONTENT="Claude" HEIGHT="34" HPOS="1386" ID="PAG_00000151_ST000137" STYLEREFS="TXT_1" VPOS="1929" WC="1" WIDTH="133"/>
        <SP HPOS="1519" ID="PAG_00000151_SP000119" VPOS="1929" WIDTH="19"/>
        <String CONTENT="Perrault," HEIGHT="42" HPOS="1538" ID="PAG_00000151_ST000138" STYLEREFS="TXT_1" VPOS="1929" WC="1" WIDTH="166"/>
      </TextLine>
      <TextLine HEIGHT="36" HPOS="773" ID="PAG_00000151_TL000020" STYLEREFS="TXT_1" VPOS="1988" WIDTH="1055">
        <String CONTENT="architectes.,." HEIGHT="33" HPOS="773" ID="PAG_00000151_ST000139" STYLEREFS="TXT_1" VPOS="1991" WC="0.96" WIDTH="929"/>
        <SP HPOS="1702" ID="PAG_00000151_SP000120" VPOS="1988" WIDTH="59"/>
        <String CONTENT="XII" HEIGHT="33" HPOS="1761" ID="PAG_00000151_ST000140" STYLEREFS="TXT_1" VPOS="1988" WC="1" WIDTH="67"/>
      </TextLine>
      <TextLine HEIGHT="47" HPOS="367" ID="PAG_00000151_TL000021" STYLEREFS="TXT_1" VPOS="2048" WIDTH="1339">
        <String CONTENT="1945" HEIGHT="34" HPOS="367" ID="PAG_00000151_ST000141" STYLEREFS="TXT_1" VPOS="2052" WC="1" WIDTH="91"/>
        <SP HPOS="458" ID="PAG_00000151_SP000121" VPOS="2071" WIDTH="172"/>
        <String CONTENT="&#8212;" HEIGHT="3" HPOS="630" ID="PAG_00000151_ST000142" STYLEREFS="TXT_1" VPOS="2071" WC="0.66" WIDTH="42"/>
        <SP HPOS="672" ID="PAG_00000151_SP000122" VPOS="2051" WIDTH="56"/>
        <String CONTENT="Le" HEIGHT="33" HPOS="728" ID="PAG_00000151_ST000143" STYLEREFS="TXT_1" VPOS="2051" WC="1" WIDTH="44"/>
        <SP HPOS="772" ID="PAG_00000151_SP000123" VPOS="2051" WIDTH="28"/>
        <String CONTENT="prévôt" HEIGHT="44" HPOS="800" ID="PAG_00000151_ST000144" STYLEREFS="TXT_1" VPOS="2051" WC="1" WIDTH="121"/>
        <SP HPOS="921" ID="PAG_00000151_SP000124" VPOS="2051" WIDTH="29"/>
        <String CONTENT="des" HEIGHT="32" HPOS="950" ID="PAG_00000151_ST000145" STYLEREFS="TXT_1" VPOS="2051" WC="1" WIDTH="60"/>
        <SP HPOS="1010" ID="PAG_00000151_SP000125" VPOS="2049" WIDTH="28"/>
        <String CONTENT="marchands" HEIGHT="33" HPOS="1038" ID="PAG_00000151_ST000146" STYLEREFS="TXT_1" VPOS="2049" WC="1" WIDTH="210"/>
        <SP HPOS="1248" ID="PAG_00000151_SP000126" VPOS="2049" WIDTH="35"/>
        <String CONTENT="Jérôme" HEIGHT="44" HPOS="1283" ID="PAG_00000151_ST000147" STYLEREFS="TXT_1" VPOS="2049" WC="1" WIDTH="142"/>
        <SP HPOS="1425" ID="PAG_00000151_SP000127" VPOS="2048" WIDTH="26"/>
        <String CONTENT="Le" HEIGHT="33" HPOS="1451" ID="PAG_00000151_ST000148" STYLEREFS="TXT_1" VPOS="2048" WC="1" WIDTH="43"/>
        <SP HPOS="1494" ID="PAG_00000151_SP000128" VPOS="2048" WIDTH="36"/>
        <String CONTENT="Féron" HEIGHT="33" HPOS="1530" ID="PAG_00000151_ST000149" STYLEREFS="TXT_1" VPOS="2048" WC="1" WIDTH="110"/>
        <SP HPOS="1640" ID="PAG_00000151_SP000129" VPOS="2056" WIDTH="34"/>
        <String CONTENT="et" HEIGHT="24" HPOS="1674" ID="PAG_00000151_ST000150" STYLEREFS="TXT_1" VPOS="2056" WC="1" WIDTH="32"/>
      </TextLine>
      <TextLine HEIGHT="46" HPOS="773" ID="PAG_00000151_TL000022" STYLEREFS="TXT_1" VPOS="2106" WIDTH="1050">
        <String CONTENT="les" HEIGHT="33" HPOS="773" ID="PAG_00000151_ST000151" STYLEREFS="TXT_1" VPOS="2110" WC="1" WIDTH="48"/>
        <SP HPOS="821" ID="PAG_00000151_SP000130" VPOS="2110" WIDTH="27"/>
        <String CONTENT="échevins" HEIGHT="33" HPOS="848" ID="PAG_00000151_ST000152" STYLEREFS="TXT_1" VPOS="2110" WC="1" WIDTH="166"/>
        <SP HPOS="1014" ID="PAG_00000151_SP000131" VPOS="2109" WIDTH="27"/>
        <String CONTENT="de" HEIGHT="33" HPOS="1041" ID="PAG_00000151_ST000153" STYLEREFS="TXT_1" VPOS="2109" WC="1" WIDTH="43"/>
        <SP HPOS="1084" ID="PAG_00000151_SP000132" VPOS="2109" WIDTH="27"/>
        <String CONTENT="la" HEIGHT="33" HPOS="1111" ID="PAG_00000151_ST000154" STYLEREFS="TXT_1" VPOS="2109" WC="1" WIDTH="30"/>
        <SP HPOS="1141" ID="PAG_00000151_SP000133" VPOS="2108" WIDTH="27"/>
        <String CONTENT="ville" HEIGHT="33" HPOS="1168" ID="PAG_00000151_ST000155" STYLEREFS="TXT_1" VPOS="2108" WC="1" WIDTH="80"/>
        <SP HPOS="1248" ID="PAG_00000151_SP000134" VPOS="2109" WIDTH="27"/>
        <String CONTENT="de" HEIGHT="32" HPOS="1275" ID="PAG_00000151_ST000156" STYLEREFS="TXT_1" VPOS="2109" WC="1" WIDTH="43"/>
        <SP HPOS="1318" ID="PAG_00000151_SP000135" VPOS="2108" WIDTH="24"/>
        <String CONTENT="Paris" HEIGHT="33" HPOS="1342" ID="PAG_00000151_ST000157" STYLEREFS="TXT_1" VPOS="2108" WC="1" WIDTH="93"/>
        <SP HPOS="1435" ID="PAG_00000151_SP000136" VPOS="2118" WIDTH="29"/>
        <String CONTENT="vers" HEIGHT="22" HPOS="1464" ID="PAG_00000151_ST000158" STYLEREFS="TXT_1" VPOS="2118" WC="1" WIDTH="75"/>
        <SP HPOS="1539" ID="PAG_00000151_SP000137" VPOS="2106" WIDTH="33"/>
        <String CONTENT="1649.." HEIGHT="46" HPOS="1572" ID="PAG_00000151_ST000159" STYLEREFS="TXT_1" VPOS="2106" WC="1" WIDTH="133"/>
        <SP HPOS="1705" ID="PAG_00000151_SP000138" VPOS="2106" WIDTH="58"/>
        <String CONTENT="I-E" HEIGHT="34" HPOS="1763" ID="PAG_00000151_ST000160" STYLEREFS="TXT_1" VPOS="2106" WC="0.95" WIDTH="60"/>
      </TextLine>
      <TextLine HEIGHT="47" HPOS="367" ID="PAG_00000151_TL000023" STYLEREFS="TXT_1" VPOS="2166" WIDTH="1339">
        <String CONTENT="1946" HEIGHT="35" HPOS="367" ID="PAG_00000151_ST000161" STYLEREFS="TXT_1" VPOS="2170" WC="1" WIDTH="90"/>
        <SP HPOS="457" ID="PAG_00000151_SP000139" VPOS="2191" WIDTH="174"/>
        <String CONTENT="&#8212;" HEIGHT="2" HPOS="631" ID="PAG_00000151_ST000162" STYLEREFS="TXT_1" VPOS="2191" WC="0.66" WIDTH="41"/>
        <SP HPOS="672" ID="PAG_00000151_SP000140" VPOS="2170" WIDTH="55"/>
        <String CONTENT="Portrait" HEIGHT="33" HPOS="727" ID="PAG_00000151_ST000163" STYLEREFS="TXT_1" VPOS="2170" WC="1" WIDTH="147"/>
        <SP HPOS="874" ID="PAG_00000151_SP000141" VPOS="2169" WIDTH="27"/>
        <String CONTENT="dit" HEIGHT="33" HPOS="901" ID="PAG_00000151_ST000164" STYLEREFS="TXT_1" VPOS="2169" WC="1" WIDTH="49"/>
        <SP HPOS="950" ID="PAG_00000151_SP000142" VPOS="2169" WIDTH="26"/>
        <String CONTENT="de" HEIGHT="33" HPOS="976" ID="PAG_00000151_ST000165" STYLEREFS="TXT_1" VPOS="2169" WC="1" WIDTH="43"/>
        <SP HPOS="1019" ID="PAG_00000151_SP000143" VPOS="2168" WIDTH="26"/>
        <String CONTENT="Jean-Antoine" HEIGHT="45" HPOS="1045" ID="PAG_00000151_ST000166" STYLEREFS="TXT_1" VPOS="2168" WC="1" WIDTH="271"/>
        <SP HPOS="1316" ID="PAG_00000151_SP000144" VPOS="2167" WIDTH="33"/>
        <String CONTENT="de" HEIGHT="33" HPOS="1349" ID="PAG_00000151_ST000167" STYLEREFS="TXT_1" VPOS="2167" WC="1" WIDTH="42"/>
        <SP HPOS="1391" ID="PAG_00000151_SP000145" VPOS="2167" WIDTH="33"/>
        <String CONTENT="Mesme," HEIGHT="42" HPOS="1424" ID="PAG_00000151_ST000168" STYLEREFS="TXT_1" VPOS="2167" WC="1" WIDTH="149"/>
        <SP HPOS="1573" ID="PAG_00000151_SP000146" VPOS="2166" WIDTH="29"/>
        <String CONTENT="prési-" HEIGHT="45" HPOS="1602" ID="PAG_00000151_ST000169" STYLEREFS="TXT_1" SUBS_CONTENT="président" SUBS_TYPE="HypPart1" VPOS="2166" WC="1" WIDTH="104"/>
        <HYP CONTENT="-" HPOS="1706" VPOS="2211" WIDTH="30"/>
      </TextLine>
      <TextLine HEIGHT="38" HPOS="773" ID="PAG_00000151_TL000024" STYLEREFS="TXT_1" VPOS="2225" WIDTH="1045">
        <String CONTENT="dent" HEIGHT="33" HPOS="773" ID="PAG_00000151_ST000170" STYLEREFS="TXT_1" SUBS_CONTENT="président" SUBS_TYPE="HypPart2" VPOS="2230" WC="1" WIDTH="84"/>
        <SP HPOS="857" ID="PAG_00000151_SP000147" VPOS="2230" WIDTH="27"/>
        <String CONTENT="à" HEIGHT="32" HPOS="884" ID="PAG_00000151_ST000171" STYLEREFS="TXT_1" VPOS="2230" WC="1" WIDTH="18"/>
        <SP HPOS="902" ID="PAG_00000151_SP000148" VPOS="2228" WIDTH="28"/>
        <String CONTENT="mortier" HEIGHT="34" HPOS="930" ID="PAG_00000151_ST000172" STYLEREFS="TXT_1" VPOS="2228" WC="1" WIDTH="144"/>
        <SP HPOS="1074" ID="PAG_00000151_SP000149" VPOS="2239" WIDTH="26"/>
        <String CONTENT="au" HEIGHT="22" HPOS="1100" ID="PAG_00000151_ST000173" STYLEREFS="TXT_1" VPOS="2239" WC="1" WIDTH="43"/>
        <SP HPOS="1143" ID="PAG_00000151_SP000150" VPOS="2227" WIDTH="29"/>
        <String CONTENT="Parlement" HEIGHT="33" HPOS="1172" ID="PAG_00000151_ST000174" STYLEREFS="TXT_1" VPOS="2227" WC="1" WIDTH="200"/>
        <SP HPOS="1372" ID="PAG_00000151_SP000151" VPOS="2227" WIDTH="27"/>
        <String CONTENT="de" HEIGHT="33" HPOS="1399" ID="PAG_00000151_ST000175" STYLEREFS="TXT_1" VPOS="2227" WC="1" WIDTH="43"/>
        <SP HPOS="1442" ID="PAG_00000151_SP000152" VPOS="2226" WIDTH="29"/>
        <String CONTENT="Paris." HEIGHT="34" HPOS="1471" ID="PAG_00000151_ST000176" STYLEREFS="TXT_1" VPOS="2226" WC="1" WIDTH="228"/>
        <SP HPOS="1699" ID="PAG_00000151_SP000153" VPOS="2225" WIDTH="59"/>
        <String CONTENT="I-E" HEIGHT="34" HPOS="1758" ID="PAG_00000151_ST000177" STYLEREFS="TXT_1" VPOS="2225" WC="1" WIDTH="60"/>
      </TextLine>
      <TextLine HEIGHT="48" HPOS="367" ID="PAG_00000151_TL000025" STYLEREFS="TXT_1" VPOS="2285" WIDTH="1339">
        <String CONTENT="1947" HEIGHT="36" HPOS="367" ID="PAG_00000151_ST000178" STYLEREFS="TXT_1" VPOS="2289" WC="1" WIDTH="90"/>
        <SP HPOS="457" ID="PAG_00000151_SP000154" VPOS="2310" WIDTH="173"/>
        <String CONTENT="&#8212;" HEIGHT="3" HPOS="630" ID="PAG_00000151_ST000179" STYLEREFS="TXT_1" VPOS="2310" WC="0.66" WIDTH="42"/>
        <SP HPOS="672" ID="PAG_00000151_SP000155" VPOS="2288" WIDTH="53"/>
        <String CONTENT="Son" HEIGHT="34" HPOS="725" ID="PAG_00000151_ST000180" STYLEREFS="TXT_1" VPOS="2288" WC="1" WIDTH="73"/>
        <SP HPOS="798" ID="PAG_00000151_SP000156" VPOS="2290" WIDTH="29"/>
        <String CONTENT="portrait" HEIGHT="43" HPOS="827" ID="PAG_00000151_ST000181" STYLEREFS="TXT_1" VPOS="2290" WC="1" WIDTH="143"/>
        <SP HPOS="970" ID="PAG_00000151_SP000157" VPOS="2299" WIDTH="28"/>
        <String CONTENT="par" HEIGHT="34" HPOS="998" ID="PAG_00000151_ST000182" STYLEREFS="TXT_1" VPOS="2299" WC="1" WIDTH="58"/>
        <SP HPOS="1056" ID="PAG_00000151_SP000158" VPOS="2287" WIDTH="27"/>
        <String CONTENT="lui-même." HEIGHT="33" HPOS="1083" ID="PAG_00000151_ST000183" STYLEREFS="TXT_1" VPOS="2287" WC="1" WIDTH="204"/>
        <SP HPOS="1287" ID="PAG_00000151_SP000159" VPOS="2285" WIDTH="34"/>
        <String CONTENT="(Attribué;" HEIGHT="47" HPOS="1321" ID="PAG_00000151_ST000184" STYLEREFS="TXT_1" VPOS="2285" WC="1" WIDTH="188"/>
        <SP HPOS="1509" ID="PAG_00000151_SP000160" VPOS="2286" WIDTH="24"/>
        <String CONTENT="peut-être" HEIGHT="45" HPOS="1533" ID="PAG_00000151_ST000185" STYLEREFS="TXT_1" VPOS="2286" WC="1" WIDTH="173"/>
      </TextLine>
      <TextLine HEIGHT="49" HPOS="774" ID="PAG_00000151_TL000026" STYLEREFS="TXT_1" VPOS="2344" WIDTH="1051">
        <String CONTENT="par" HEIGHT="33" HPOS="774" ID="PAG_00000151_ST000186" STYLEREFS="TXT_1" VPOS="2360" WC="1" WIDTH="59"/>
        <SP HPOS="833" ID="PAG_00000151_SP000161" VPOS="2347" WIDTH="24"/>
        <String CONTENT="Jean-Baptiste" HEIGHT="46" HPOS="857" ID="PAG_00000151_ST000187" STYLEREFS="TXT_1" VPOS="2347" WC="1" WIDTH="258"/>
        <SP HPOS="1115" ID="PAG_00000151_SP000162" VPOS="2347" WIDTH="27"/>
        <String CONTENT="de" HEIGHT="33" HPOS="1142" ID="PAG_00000151_ST000188" STYLEREFS="TXT_1" VPOS="2347" WC="1" WIDTH="43"/>
        <SP HPOS="1185" ID="PAG_00000151_SP000163" VPOS="2344" WIDTH="27"/>
        <String CONTENT="Champaigne)" HEIGHT="47" HPOS="1212" ID="PAG_00000151_ST000189" STYLEREFS="TXT_1" VPOS="2344" WC="1" WIDTH="259"/>
        <SP HPOS="1471" ID="PAG_00000151_SP000164" VPOS="2371" WIDTH="89"/>
        <String CONTENT="XII" HEIGHT="34" HPOS="1756" ID="PAG_00000151_ST000190" STYLEREFS="TXT_1" VPOS="2344" WC="1" WIDTH="69"/>
      </TextLine>
      <TextLine HEIGHT="49" HPOS="366" ID="PAG_00000151_TL000027" STYLEREFS="TXT_1" VPOS="2403" WIDTH="1456">
        <String CONTENT="S." HEIGHT="33" HPOS="366" ID="PAG_00000151_ST000191" STYLEREFS="TXT_1" VPOS="2409" WC="1" WIDTH="34"/>
        <SP HPOS="400" ID="PAG_00000151_SP000165" VPOS="2409" WIDTH="29"/>
        <String CONTENT="N°" HEIGHT="33" HPOS="429" ID="PAG_00000151_ST000192" STYLEREFS="TXT_1" VPOS="2409" WC="0.99" WIDTH="51"/>
        <SP HPOS="480" ID="PAG_00000151_SP000166" VPOS="2429" WIDTH="150"/>
        <String CONTENT="&#8212;" HEIGHT="3" HPOS="630" ID="PAG_00000151_ST000193" STYLEREFS="TXT_1" VPOS="2429" WC="0.66" WIDTH="43"/>
        <SP HPOS="673" ID="PAG_00000151_SP000167" VPOS="2408" WIDTH="54"/>
        <String CONTENT="Portrait" HEIGHT="33" HPOS="727" ID="PAG_00000151_ST000194" STYLEREFS="TXT_1" VPOS="2408" WC="1" WIDTH="148"/>
        <SP HPOS="875" ID="PAG_00000151_SP000168" VPOS="2408" WIDTH="27"/>
        <String CONTENT="supposé" HEIGHT="44" HPOS="902" ID="PAG_00000151_ST000195" STYLEREFS="TXT_1" VPOS="2408" WC="1" WIDTH="150"/>
        <SP HPOS="1052" ID="PAG_00000151_SP000169" VPOS="2407" WIDTH="28"/>
        <String CONTENT="du" HEIGHT="32" HPOS="1080" ID="PAG_00000151_ST000196" STYLEREFS="TXT_1" VPOS="2407" WC="1" WIDTH="45"/>
        <SP HPOS="1125" ID="PAG_00000151_SP000170" VPOS="2406" WIDTH="28"/>
        <String CONTENT="duc" HEIGHT="33" HPOS="1153" ID="PAG_00000151_ST000197" STYLEREFS="TXT_1" VPOS="2406" WC="1" WIDTH="66"/>
        <SP HPOS="1219" ID="PAG_00000151_SP000171" VPOS="2406" WIDTH="27"/>
        <String CONTENT="de" HEIGHT="33" HPOS="1246" ID="PAG_00000151_ST000198" STYLEREFS="TXT_1" VPOS="2406" WC="1" WIDTH="43"/>
        <SP HPOS="1289" ID="PAG_00000151_SP000172" VPOS="2405" WIDTH="28"/>
        <String CONTENT="Roannez." HEIGHT="33" HPOS="1317" ID="PAG_00000151_ST000199" STYLEREFS="TXT_1" VPOS="2405" WC="0.97" WIDTH="381"/>
        <SP HPOS="1698" ID="PAG_00000151_SP000173" VPOS="2403" WIDTH="58"/>
        <String CONTENT="XII" HEIGHT="33" HPOS="1756" ID="PAG_00000151_ST000200" STYLEREFS="TXT_1" VPOS="2403" WC="1" WIDTH="66"/>
      </TextLine>
      <TextLine HEIGHT="48" HPOS="365" ID="PAG_00000151_TL000028" STYLEREFS="TXT_1" VPOS="2463" WIDTH="1340">
        <String CONTENT="S." HEIGHT="34" HPOS="365" ID="PAG_00000151_ST000201" STYLEREFS="TXT_1" VPOS="2468" WC="1" WIDTH="34"/>
        <SP HPOS="399" ID="PAG_00000151_SP000174" VPOS="2469" WIDTH="30"/>
        <String CONTENT="N°" HEIGHT="33" HPOS="429" ID="PAG_00000151_ST000202" STYLEREFS="TXT_1" VPOS="2469" WC="0.99" WIDTH="51"/>
        <SP HPOS="480" ID="PAG_00000151_SP000175" VPOS="2488" WIDTH="151"/>
        <String CONTENT="&#8212;" HEIGHT="4" HPOS="631" ID="PAG_00000151_ST000203" STYLEREFS="TXT_1" VPOS="2488" WC="0.66" WIDTH="39"/>
        <SP HPOS="670" ID="PAG_00000151_SP000176" VPOS="2467" WIDTH="56"/>
        <String CONTENT="Portrait" HEIGHT="34" HPOS="726" ID="PAG_00000151_ST000204" STYLEREFS="TXT_1" VPOS="2467" WC="1" WIDTH="148"/>
        <SP HPOS="874" ID="PAG_00000151_SP000177" VPOS="2466" WIDTH="28"/>
        <String CONTENT="d'Angélique" HEIGHT="45" HPOS="902" ID="PAG_00000151_ST000205" STYLEREFS="TXT_1" VPOS="2466" WC="1" WIDTH="235"/>
        <SP HPOS="1137" ID="PAG_00000151_SP000178" VPOS="2465" WIDTH="32"/>
        <String CONTENT="Arnauld," HEIGHT="42" HPOS="1169" ID="PAG_00000151_ST000206" STYLEREFS="TXT_1" VPOS="2465" WC="1" WIDTH="170"/>
        <SP HPOS="1339" ID="PAG_00000151_SP000179" VPOS="2465" WIDTH="29"/>
        <String CONTENT="abbesse" HEIGHT="32" HPOS="1368" ID="PAG_00000151_ST000207" STYLEREFS="TXT_1" VPOS="2465" WC="1" WIDTH="143"/>
        <SP HPOS="1511" ID="PAG_00000151_SP000180" VPOS="2465" WIDTH="27"/>
        <String CONTENT="de" HEIGHT="31" HPOS="1538" ID="PAG_00000151_ST000208" STYLEREFS="TXT_1" VPOS="2465" WC="1" WIDTH="42"/>
        <SP HPOS="1580" ID="PAG_00000151_SP000181" VPOS="2463" WIDTH="29"/>
        <String CONTENT="Port-" HEIGHT="33" HPOS="1609" ID="PAG_00000151_ST000209" STYLEREFS="TXT_1" SUBS_CONTENT="PortRoyal" SUBS_TYPE="HypPart1" VPOS="2463" WC="1" WIDTH="96"/>
        <HYP CONTENT="-" HPOS="1705" VPOS="2496" WIDTH="30"/>
      </TextLine>
      <TextLine HEIGHT="51" HPOS="776" ID="PAG_00000151_TL000029" STYLEREFS="TXT_1" VPOS="2521" WIDTH="1045">
        <String CONTENT="Royal" HEIGHT="45" HPOS="776" ID="PAG_00000151_ST000210" STYLEREFS="TXT_1" SUBS_CONTENT="PortRoyal" SUBS_TYPE="HypPart2" VPOS="2526" WC="1" WIDTH="112"/>
        <SP HPOS="888" ID="PAG_00000151_SP000182" VPOS="2526" WIDTH="29"/>
        <String CONTENT="(D'après)" HEIGHT="46" HPOS="917" ID="PAG_00000151_ST000211" STYLEREFS="TXT_1" VPOS="2526" WC="0.97" WIDTH="210"/>
        <SP HPOS="1127" ID="PAG_00000151_SP000183" VPOS="2526" WIDTH="60"/>
        <String CONTENT="XII" HEIGHT="34" HPOS="1755" ID="PAG_00000151_ST000212" STYLEREFS="TXT_1" VPOS="2521" WC="1" WIDTH="66"/>
      </TextLine>
      <TextLine HEIGHT="51" HPOS="366" ID="PAG_00000151_TL000030" STYLEREFS="TXT_1" VPOS="2578" WIDTH="1692">
        <String CONTENT="S." HEIGHT="33" HPOS="366" ID="PAG_00000151_ST000213" STYLEREFS="TXT_1" VPOS="2587" WC="1" WIDTH="34"/>
        <SP HPOS="400" ID="PAG_00000151_SP000184" VPOS="2587" WIDTH="30"/>
        <String CONTENT="N°" HEIGHT="33" HPOS="430" ID="PAG_00000151_ST000214" STYLEREFS="TXT_1" VPOS="2587" WC="0.99" WIDTH="51"/>
        <SP HPOS="481" ID="PAG_00000151_SP000185" VPOS="2607" WIDTH="150"/>
        <String CONTENT="&#8212;" HEIGHT="3" HPOS="631" ID="PAG_00000151_ST000215" STYLEREFS="TXT_1" VPOS="2607" WC="0.66" WIDTH="40"/>
        <SP HPOS="671" ID="PAG_00000151_SP000186" VPOS="2586" WIDTH="56"/>
        <String CONTENT="Portrait" HEIGHT="33" HPOS="727" ID="PAG_00000151_ST000216" STYLEREFS="TXT_1" VPOS="2586" WC="1" WIDTH="148"/>
        <SP HPOS="875" ID="PAG_00000151_SP000187" VPOS="2586" WIDTH="27"/>
        <String CONTENT="de" HEIGHT="32" HPOS="902" ID="PAG_00000151_ST000217" STYLEREFS="TXT_1" VPOS="2586" WC="1" WIDTH="42"/>
        <SP HPOS="944" ID="PAG_00000151_SP000188" VPOS="2584" WIDTH="30"/>
        <String CONTENT="Louis" HEIGHT="34" HPOS="974" ID="PAG_00000151_ST000218" STYLEREFS="TXT_1" VPOS="2584" WC="1" WIDTH="102"/>
        <SP HPOS="1076" ID="PAG_00000151_SP000189" VPOS="2584" WIDTH="27"/>
        <String CONTENT="Xill" HEIGHT="33" HPOS="1103" ID="PAG_00000151_ST000219" STYLEREFS="TXT_1" VPOS="2584" WC="0.97" WIDTH="82"/>
        <SP HPOS="1185" ID="PAG_00000151_SP000190" VPOS="2583" WIDTH="43"/>
        <String CONTENT="(Attribué).." HEIGHT="46" HPOS="1228" ID="PAG_00000151_ST000220" STYLEREFS="TXT_1" VPOS="2583" WC="1" WIDTH="230"/>
        <SP HPOS="1458" ID="PAG_00000151_SP000191" VPOS="2583" WIDTH="61"/>
        <String CONTENT="Ire" HEIGHT="32" HPOS="1519" ID="PAG_00000151_ST000221" STYLEREFS="TXT_1" VPOS="2583" WC="1" WIDTH="44"/>
        <SP HPOS="1563" ID="PAG_00000151_SP000192" VPOS="2581" WIDTH="28"/>
        <String CONTENT="Salle" HEIGHT="35" HPOS="1591" ID="PAG_00000151_ST000222" STYLEREFS="TXT_1" VPOS="2581" WC="1" WIDTH="101"/>
        <SP HPOS="1692" ID="PAG_00000151_SP000193" VPOS="2581" WIDTH="23"/>
        <String CONTENT="de" HEIGHT="34" HPOS="1715" ID="PAG_00000151_ST000223" STYLEREFS="TXT_1" VPOS="2581" WC="1" WIDTH="44"/>
        <SP HPOS="1759" ID="PAG_00000151_SP000194" VPOS="2581" WIDTH="1"/>
        <String CONTENT="la" HEIGHT="34" HPOS="1759" ID="PAG_00000151_ST000224" STYLEREFS="TXT_1" VPOS="2581" WC="1" WIDTH="59"/>
        <SP HPOS="1818" ID="PAG_00000151_SP000195" VPOS="2578" WIDTH="24"/>
        <String CONTENT="Colonnade" HEIGHT="36" HPOS="1842" ID="PAG_00000151_ST000225" STYLEREFS="TXT_1" VPOS="2578" WC="1" WIDTH="216"/>
      </TextLine>
      <TextLine HEIGHT="48" HPOS="368" ID="PAG_00000151_TL000031" STYLEREFS="TXT_1" VPOS="2641" WIDTH="1337">
        <String CONTENT="1951" HEIGHT="34" HPOS="368" ID="PAG_00000151_ST000226" STYLEREFS="TXT_1" VPOS="2647" WC="1" WIDTH="87"/>
        <SP HPOS="455" ID="PAG_00000151_SP000196" VPOS="2646" WIDTH="127"/>
        <String CONTENT="Claessens," HEIGHT="42" HPOS="582" ID="PAG_00000151_ST000227" STYLEREFS="TXT_1" VPOS="2646" WC="1" WIDTH="217"/>
        <SP HPOS="799" ID="PAG_00000151_SP000197" VPOS="2645" WIDTH="16"/>
        <String CONTENT="Claeys" HEIGHT="44" HPOS="815" ID="PAG_00000151_ST000228" STYLEREFS="TXT_1" VPOS="2645" WC="0.98" WIDTH="122"/>
        <SP HPOS="937" ID="PAG_00000151_SP000198" VPOS="2645" WIDTH="1"/>
        <String CONTENT="ou" HEIGHT="44" HPOS="937" ID="PAG_00000151_ST000229" STYLEREFS="TXT_1" VPOS="2645" WC="0.98" WIDTH="70"/>
        <SP HPOS="1007" ID="PAG_00000151_SP000199" VPOS="2644" WIDTH="17"/>
        <String CONTENT="Claeissins," HEIGHT="42" HPOS="1024" ID="PAG_00000151_ST000230" STYLEREFS="TXT_1" VPOS="2644" WC="1" WIDTH="223"/>
        <SP HPOS="1247" ID="PAG_00000151_SP000200" VPOS="2643" WIDTH="19"/>
        <String CONTENT="Pierre," HEIGHT="41" HPOS="1266" ID="PAG_00000151_ST000231" STYLEREFS="TXT_1" VPOS="2643" WC="1" WIDTH="126"/>
        <SP HPOS="1392" ID="PAG_00000151_SP000201" VPOS="2643" WIDTH="1"/>
        <String CONTENT="le" HEIGHT="41" HPOS="1392" ID="PAG_00000151_ST000232" STYLEREFS="TXT_1" VPOS="2643" WC="1" WIDTH="63"/>
        <SP HPOS="1455" ID="PAG_00000151_SP000202" VPOS="2641" WIDTH="16"/>
        <String CONTENT="vieux" HEIGHT="34" HPOS="1471" ID="PAG_00000151_ST000233" STYLEREFS="TXT_1" VPOS="2641" WC="1" WIDTH="117"/>
        <SP HPOS="1588" ID="PAG_00000151_SP000203" VPOS="2642" WIDTH="11"/>
        <String CONTENT="(" HEIGHT="43" HPOS="1599" ID="PAG_00000151_ST000234" STYLEREFS="TXT_1" VPOS="2642" WC="0.95" WIDTH="30"/>
        <SP HPOS="1629" ID="PAG_00000151_SP000204" VPOS="2642" WIDTH="1"/>
        <String CONTENT="1499" HEIGHT="43" HPOS="1629" ID="PAG_00000151_ST000235" STYLEREFS="TXT_1" VPOS="2642" WC="0.95" WIDTH="76"/>
      </TextLine>
      <TextLine HEIGHT="48" HPOS="773" ID="PAG_00000151_TL000032" STYLEREFS="TXT_1" VPOS="2699" WIDTH="1072">
        <String CONTENT="ou" HEIGHT="22" HPOS="773" ID="PAG_00000151_ST000236" STYLEREFS="TXT_1" VPOS="2716" WC="1" WIDTH="46"/>
        <SP HPOS="819" ID="PAG_00000151_SP000205" VPOS="2702" WIDTH="33"/>
        <String CONTENT="l" HEIGHT="45" HPOS="852" ID="PAG_00000151_ST000237" STYLEREFS="TXT_1" VPOS="2702" WC="0.76" WIDTH="30"/>
        <SP HPOS="882" ID="PAG_00000151_SP000206" VPOS="2702" WIDTH="1"/>
        <String CONTENT="500-1" HEIGHT="45" HPOS="882" ID="PAG_00000151_ST000238" STYLEREFS="TXT_1" VPOS="2702" WC="0.76" WIDTH="90"/>
        <SP HPOS="972" ID="PAG_00000151_SP000207" VPOS="2702" WIDTH="1"/>
        <String CONTENT="576)," HEIGHT="45" HPOS="972" ID="PAG_00000151_ST000239" STYLEREFS="TXT_1" VPOS="2702" WC="0.76" WIDTH="107"/>
        <SP HPOS="1079" ID="PAG_00000151_SP000208" VPOS="2723" WIDTH="25"/>
        <String CONTENT="&#8212;" HEIGHT="3" HPOS="1104" ID="PAG_00000151_ST000240" STYLEREFS="TXT_1" VPOS="2723" WC="0.66" WIDTH="41"/>
        <SP HPOS="1145" ID="PAG_00000151_SP000209" VPOS="2702" WIDTH="23"/>
        <String CONTENT="Tête" HEIGHT="34" HPOS="1168" ID="PAG_00000151_ST000241" STYLEREFS="TXT_1" VPOS="2702" WC="1" WIDTH="88"/>
        <SP HPOS="1256" ID="PAG_00000151_SP000210" VPOS="2702" WIDTH="21"/>
        <String CONTENT="de" HEIGHT="33" HPOS="1277" ID="PAG_00000151_ST000242" STYLEREFS="TXT_1" VPOS="2702" WC="1" WIDTH="42"/>
        <SP HPOS="1319" ID="PAG_00000151_SP000211" VPOS="2701" WIDTH="28"/>
        <String CONTENT="Vierge" HEIGHT="45" HPOS="1347" ID="PAG_00000151_ST000243" STYLEREFS="TXT_1" VPOS="2701" WC="1" WIDTH="126"/>
        <SP HPOS="1473" ID="PAG_00000151_SP000212" VPOS="2699" WIDTH="24"/>
        <String CONTENT="(Attribué)." HEIGHT="46" HPOS="1497" ID="PAG_00000151_ST000244" STYLEREFS="TXT_1" VPOS="2699" WC="1" WIDTH="202"/>
        <SP HPOS="1699" ID="PAG_00000151_SP000213" VPOS="2699" WIDTH="54"/>
        <String CONTENT="XXX" HEIGHT="33" HPOS="1753" ID="PAG_00000151_ST000245" STYLEREFS="TXT_1" VPOS="2699" WC="1" WIDTH="92"/>
      </TextLine>
      <TextLine HEIGHT="49" HPOS="367" ID="PAG_00000151_TL000033" STYLEREFS="TXT_1" VPOS="2759" WIDTH="1336">
        <String CONTENT="2733" HEIGHT="34" HPOS="367" ID="PAG_00000151_ST000246" STYLEREFS="TXT_1" VPOS="2765" WC="1" WIDTH="92"/>
        <SP HPOS="459" ID="PAG_00000151_SP000214" VPOS="2764" WIDTH="124"/>
        <String CONTENT="Clerck," HEIGHT="42" HPOS="583" ID="PAG_00000151_ST000247" STYLEREFS="TXT_1" VPOS="2764" WC="1" WIDTH="146"/>
        <SP HPOS="729" ID="PAG_00000151_SP000215" VPOS="2763" WIDTH="29"/>
        <String CONTENT="Hendrik" HEIGHT="35" HPOS="758" ID="PAG_00000151_ST000248" STYLEREFS="TXT_1" VPOS="2763" WC="1" WIDTH="157"/>
        <SP HPOS="915" ID="PAG_00000151_SP000216" VPOS="2763" WIDTH="1"/>
        <String CONTENT="de" HEIGHT="35" HPOS="915" ID="PAG_00000151_ST000249" STYLEREFS="TXT_1" VPOS="2763" WC="1" WIDTH="79"/>
        <SP HPOS="994" ID="PAG_00000151_SP000217" VPOS="2762" WIDTH="24"/>
        <String CONTENT="(vers" HEIGHT="46" HPOS="1018" ID="PAG_00000151_ST000250" STYLEREFS="TXT_1" VPOS="2762" WC="1" WIDTH="90"/>
        <SP HPOS="1108" ID="PAG_00000151_SP000218" VPOS="2771" WIDTH="28"/>
        <String CONTENT="1570-vers" HEIGHT="34" HPOS="1136" ID="PAG_00000151_ST000251" STYLEREFS="TXT_1" VPOS="2771" WC="1" WIDTH="188"/>
        <SP HPOS="1324" ID="PAG_00000151_SP000219" VPOS="2759" WIDTH="27"/>
        <String CONTENT="1629)" HEIGHT="44" HPOS="1351" ID="PAG_00000151_ST000252" STYLEREFS="TXT_1" VPOS="2759" WC="0.94" WIDTH="124"/>
        <SP HPOS="1475" ID="PAG_00000151_SP000220" VPOS="2759" WIDTH="1"/>
        <String CONTENT="etAlsloot," HEIGHT="44" HPOS="1475" ID="PAG_00000151_ST000253" STYLEREFS="TXT_1" VPOS="2759" WC="0.94" WIDTH="228"/>
      </TextLine>
      <TextLine HEIGHT="50" HPOS="777" ID="PAG_00000151_TL000034" STYLEREFS="TXT_1" VPOS="2806" WIDTH="926">
        <String CONTENT="Denis" HEIGHT="34" HPOS="777" ID="PAG_00000151_ST000254" STYLEREFS="TXT_1" VPOS="2811" WC="1" WIDTH="116"/>
        <SP HPOS="893" ID="PAG_00000151_SP000221" VPOS="2820" WIDTH="27"/>
        <String CONTENT="van" HEIGHT="25" HPOS="920" ID="PAG_00000151_ST000255" STYLEREFS="TXT_1" VPOS="2820" WC="1" WIDTH="75"/>
        <SP HPOS="995" ID="PAG_00000151_SP000222" VPOS="2811" WIDTH="30"/>
        <String CONTENT="(vers" HEIGHT="45" HPOS="1025" ID="PAG_00000151_ST000256" STYLEREFS="TXT_1" VPOS="2811" WC="1" WIDTH="91"/>
        <SP HPOS="1116" ID="PAG_00000151_SP000223" VPOS="2819" WIDTH="33"/>
        <String CONTENT="1570-vers" HEIGHT="34" HPOS="1149" ID="PAG_00000151_ST000257" STYLEREFS="TXT_1" VPOS="2819" WC="0.92" WIDTH="181"/>
        <SP HPOS="1330" ID="PAG_00000151_SP000224" VPOS="2806" WIDTH="32"/>
        <String CONTENT="1626)." HEIGHT="46" HPOS="1362" ID="PAG_00000151_ST000258" STYLEREFS="TXT_1" VPOS="2806" WC="1" WIDTH="114"/>
        <SP HPOS="1476" ID="PAG_00000151_SP000225" VPOS="2827" WIDTH="32"/>
        <String CONTENT="&#8212;" HEIGHT="4" HPOS="1508" ID="PAG_00000151_ST000259" STYLEREFS="TXT_1" VPOS="2827" WC="0.66" WIDTH="40"/>
        <SP HPOS="1548" ID="PAG_00000151_SP000226" VPOS="2807" WIDTH="43"/>
        <String CONTENT="Diane" HEIGHT="32" HPOS="1591" ID="PAG_00000151_ST000260" STYLEREFS="TXT_1" VPOS="2807" WC="1" WIDTH="112"/>
      </TextLine>
      <TextLine HEIGHT="51" HPOS="773" ID="PAG_00000151_TL000035" STYLEREFS="TXT_1" VPOS="2851" WIDTH="1129">
        <String CONTENT="découvrant" HEIGHT="33" HPOS="773" ID="PAG_00000151_ST000261" STYLEREFS="TXT_1" VPOS="2859" WC="1" WIDTH="214"/>
        <SP HPOS="987" ID="PAG_00000151_SP000227" VPOS="2857" WIDTH="28"/>
        <String CONTENT="la" HEIGHT="33" HPOS="1015" ID="PAG_00000151_ST000262" STYLEREFS="TXT_1" VPOS="2857" WC="1" WIDTH="30"/>
        <SP HPOS="1045" ID="PAG_00000151_SP000228" VPOS="2867" WIDTH="27"/>
        <String CONTENT="grossesse" HEIGHT="35" HPOS="1072" ID="PAG_00000151_ST000263" STYLEREFS="TXT_1" VPOS="2867" WC="1" WIDTH="176"/>
        <SP HPOS="1248" ID="PAG_00000151_SP000229" VPOS="2856" WIDTH="28"/>
        <String CONTENT="de" HEIGHT="33" HPOS="1276" ID="PAG_00000151_ST000264" STYLEREFS="TXT_1" VPOS="2856" WC="1" WIDTH="46"/>
        <SP HPOS="1322" ID="PAG_00000151_SP000230" VPOS="2855" WIDTH="28"/>
        <String CONTENT="Calisto." HEIGHT="34" HPOS="1350" ID="PAG_00000151_ST000265" STYLEREFS="TXT_1" VPOS="2855" WC="0.97" WIDTH="344"/>
        <SP HPOS="1694" ID="PAG_00000151_SP000231" VPOS="2851" WIDTH="59"/>
        <String CONTENT="XXXIII" HEIGHT="34" HPOS="1753" ID="PAG_00000151_ST000266" STYLEREFS="TXT_1" VPOS="2851" WC="1" WIDTH="149"/>
      </TextLine>
    </TextBlock>
    </PrintSpace>
    </Page>
  </Layout>
</alto>
