2222 3464
404 336 90 45 440
749 339 144 52 PARIS,
930 338 157 43 MUSÉE
1118 339 239 43 NATIONAL
1391 353 60 29 DU
1484 340 184 42 LOUVRE

368 468 94 36 2094
585 469 168 43 Rubens,
783 469 315 35 Petrus-Paulus.
1129 469 245 46 (1577-1640).
1419 491 45 3 —
1502 470 205 33 Couronne-

778 534 96 28 ment
902 530 41 32 de
972 529 102 33 Marie
1102 530 42 32 de
1172 530 144 33 Médicis
1349 534 16 28 à
1401 530 231 36 Saint-Denis,
1670 541 34 32 13

779 589 66 32 mai
882 597 85 27 ibio
1759 591 120 34 XVIII

369 648 92 36 2095
610 670 41 3 —
704 649 198 44 Apothéose
930 650 41 32 de
1000 649 101 33 Henri
1133 651 52 39 IV;
1210 650 146 45 régence
1382 651 42 32 de
1446 650 103 33 Marie
1570 651 41 32 de
1640 651 69 32 Mé-

776 709 143 34 dicis.
919 709 28 34 ,
975 709 28 34 ,
1103 709 28 34 ,
1231 709 28 34 ,
1330 709 28 34 ,
1386 709 28 34 ,
1542 709 28 34 ,
1761 710 119 34 XVIII

370 769 92 36 2096
635 791 33 2 —
731 769 163 34 Bienfaits
921 770 46 31 du
997 774 277 40 gouvernement
1301 770 41 33 de
1369 770 31 33 la
1428 770 276 35 reine.
1760 770 100 34 XVII

369 829 92 36 2097
635 850 39 3 —
728 829 148 45 Voyage
903 830 41 32 de
973 829 103 33 Marie
1103 830 41 32 de
1173 830 143 33 Médicis
1342 841 42 22 au
1414 830 223 42 Pont-de-Cé,
1667 842 40 21 en

778 891 126 44 Anjou.
904 891 216 44 o.
1120 891 72 44 o..
1192 891 216 44 o.
1408 891 292 44 o.,.
1756 889 118 34 XVIII

370 949 92 35 2098
636 970 40 2 —
731 949 160 44 Echange
913 949 61 33 des
994 949 89 32 deux
1105 949 192 43 princesses
1313 961 55 21 sur
1383 950 31 32 la
1430 949 117 33 rivière
1561 950 41 32 de
1620 950 90 32 Hen-

778 1010 102 43 daye,
910 1010 30 31 le
967 1019 20 33 9
1016 1011 188 31 novembre
1237 1010 467 43 1615.,.
1760 1009 119 34 XVIII

371 1070 92 35 2099
634 1069 39 33 —
673 1069 199 33 Félicité
900 1069 57 45 de
957 1069 57 45 la
1014 1069 693 45 régence.
1763 1069 119 34 XVIII

371 1130 93 35 2100
637 1150 40 2 —
732 1129 156 46 Majorité
915 1129 42 32 de
986 1128 102 36 Louis
1088 1128 615 36 XIII.
1758 1128 119 35 XVIII

371 1190 90 35 2101
636 1210 44 3 —
733 1190 42 31 La
804 1189 90 32 reine
923 1188 142 34 s'enfuit
1092 1189 46 33 du
1167 1190 146 33 château
1341 1190 42 33 de
1417 1189 102 42 Blois,
1557 1190 88 32 dans
1679 1190 30 31 la

378 1248 72 40 A
450 1248 327 40 nuiti'du
777 1248 109 40 21
886 1248 109 40 au
995 1248 148 40 22
1174 1249 120 34 février
1327 1249 378 40 1619.,.
1761 1248 119 34 XVIII

563 2112 89 44 2078
950 2112 124 31 RUBENS

1255 2118 87 32 2092
1752 2106 123 31 RUBENS

376 2195 92 35 2102
593 2195 167 42 Rubens,
790 2193 318 35 Petrus-Paulus.
1135 2189 249 48 (1^77-1640).
1414 2209 45 4 —
1501 2188 214 34 Réconcilia-

784 2254 72 33 tion
879 2255 41 31 de
944 2253 104 32 Marie
1076 2253 42 32 de
1140 2250 144 33 Médicis
1305 2261 81 21 avec
1410 2260 61 22 son
1494 2248 217 33 fils..:.,.
1766 2245 119 35 XVIII

375 2314 92 35 2103
640 2335 40 2 —
735 2315 41 31 La
804 2313 205 33 conclusion
1037 2313 42 31 de
1106 2312 31 31 la
1165 2310 87 44 paix.
1285 2311 58 43 ("50
1369 2308 81 33 avril
1485 2306 226 46 1619)
1767 2304 119 35 XVIII

376 2374 93 34 2104
642 2394 40 3 —
736 2375 169 31 Entrevue
932 2373 41 32 de
1002 2371 103 33 Marie
1132 2371 41 32 de
1202 2369 134 38 Médicis
1336 2369 68 38 et
1431 2368 42 32 de
1501 2378 61 22 son
1591 2366 119 34 fils.
1768 2364 117 34 XVIII

377 2433 92 35 2105
639 2454 45 3 —
737 2434 41 31 Le
806 2432 174 43 triomphe
1008 2432 41 32 de
1077 2431 31 32 la
1136 2429 572 34 Vérité.
1767 2423 118 34 XVIII

377 2583 92 35 2106
647 2603 35 2 —
737 2581 141 34 Portrait
905 2582 41 31 de
975 2579 160 44 François
1161 2580 42 32 de
1240 2577 156 41 Médicis,
1439 2575 193 45 grand-duc
1672 2575 40 31 de

785 2641 170 40 Toscane,
986 2640 76 42 père
1090 2639 41 32 de
1159 2637 103 33 Marie
1289 2638 41 31 de
1359 2634 351 34 Médicis.
1766 2631 98 35 XVII

378 2701 92 35 2107
644 2722 39 2 —
739 2700 141 33 Portrait
906 2700 42 32 de
971 2700 130 40 Jeanne
1137 2696 212 39 d'Autriche,
1392 2693 321 46 grande-duchesse

784 2760 43 32 de
854 2759 170 39 Toscane,
1056 2759 89 31 mère
1173 2757 41 32 de
1243 2755 102 33 Marie
1373 2755 41 31 de
1442 2752 268 34 Médicis
1766 2750 98 33 XVII

379 2820 92 35 2108
642 2840 45 3 —
742 2818 140 33 Portrait
909 2818 41 32 de
980 2817 102 32 Marie
1110 2817 41 32 de
1186 2814 155 42 Médicis,
1371 2813 93 33 reine
1491 2813 41 31 de
1576 2812 136 32 France.

786 2888 81 22 avec
896 2877 48 32 les
972 2876 163 33 attributs
1162 2876 41 31 de
1232 2875 31 32 la
1289 2872 245 34 victoire.
1534 2872 176 34 o.,.,.
1766 2867 98 34 XVII
