2214 3467
410 323 88 43 128
753 325 143 51 PARIS,
933 325 157 42 MUSÉE
1122 326 238 42 NATIONAL
1397 339 57 29 DU
1488 327 185 43 LOUVRE

820 442 260 79 ÉCOLE
1146 460 462 61 FLAMANDE

374 575 93 35 2733
589 576 165 42 Alsloot,
783 576 118 34 Denis
927 585 96 31 van;
1053 576 76 33 voir
1157 575 147 44 Clerck,
1334 576 173 35 Hendrik
1535 577 57 34 de.

375 635 89 35 1901
589 635 173 43 Arthois,
791 646 46 23 ou
865 635 145 42 Artois,
1038 635 170 44 Jacques
1236 636 42 34 d'.
1305 635 246 47 (1613-1686).
1584 658 39 3 —
1648 637 66 33 En-

783 696 71 33 trée
882 694 82 34 d'un
994 695 713 36 bois.
1765 697 61 33 XX

376 755 90 35 1902
592 755 208 42 Baellieur,
830 754 176 35 Cornelis
1035 755 57 34 de.
1122 754 244 47 (1607-1671).
1397 776 41 3 —
1466 756 82 34 Une
1587 756 126 46 galerie

782 814 149 47 d'objets
958 815 86 33 d'art
1071 826 44 22 en
1148 814 102 45 1637
1763 816 146 34 XXXIV

374 875 34 34 S.
438 876 51 33 N°
591 875 164 42 Benson,
784 875 217 35 Ambroise.
1032 874 195 46 (travaillait
1254 886 76 23 vers
1356 874 225 47 1519-1545).
1607 876 42 34 -
1649 876 64 34 Le

782 943 141 25 concert
950 936 99 43 après
1077 935 30 33 le
1134 946 97 34 repas
1260 935 119 46 (Ecole
1406 934 56 47 de)
1761 936 112 33 XXXI

377 995 90 35 1903
592 995 196 42 Bloemen,
816 995 75 34 Jan
918 994 121 35 Frans
1066 1004 87 33 van,
1182 995 48 33 dit
1259 994 191 36 Orizonte.
1481 993 233 48 (1662-1740

783 1065 46 23 ou
861 1053 116 47 1748).
1011 1075 39 3 -
1080 1054 626 46 Paysage.
1763 1055 146 33 XXXIV

376 1114 91 36 1903
494 1127 21 21 a
592 1116 215 42 Boucquet,
829 1114 145 35 Victor.
1015 1113 247 47 ('1619-1677).
1293 1135 42 3 —
1359 1115 46 33 Le
1432 1115 281 45 porte-étendard

782 1174 106 33 d'une
914 1174 215 45 compagnie
1129 1174 581 45 d'archers.
1769 1174 62 35 VI
1831 1174 82 35 tr.
1913 1174 84 35 E-N

375 1235 93 35 1904
496 1236 17 32 b
591 1235 132 42 Bouts,
753 1234 156 35 Dierick
942 1245 46 23 ou
1029 1234 102 43 Dirk,
1162 1234 49 34 dit
1244 1235 35 33 le
1316 1234 117 35 vieux
1477 1234 112 46 (entre
1626 1244 88 35 1410

783 1303 33 24 et
848 1293 227 46 1420-1475).
1126 1315 39 2 —
1220 1294 46 33 La
1312 1294 126 46 Vierge
1483 1303 33 25 et
1561 1293 152 34 l'Enfant

784 1345 119 55 (École
931 1352 85 47 de)
1761 1354 112 34 XXIX

374 1415 93 35 2195
493 1427 20 21 a
638 1435 41 3 —
734 1414 46 33 La
807 1413 127 46 Vierge
962 1422 33 25 et
1021 1413 154 34 l'Enfant
1204 1413 186 46 (Attribué)
1768 1414 112 34 XXIX

375 1475 92 35 2196
639 1495 42 3 —
735 1473 46 34 La
808 1474 199 43 déposition
1035 1473 46 33 du
1110 1473 144 35 Christ
1768 1474 112 33 XXIX

454 2139 83 35 1912
1078 2128 160 32 BROUWER

1408 2136 82 32 1017
1650 2127 149 31 BRUEGEL
1799 2127 56 31 LE
1855 2127 113 31 VIEUX

377 2212 90 35 1906
592 2212 104 43 Brill,
726 2212 106 34 Paul.
866 2209 245 49 (1554-1626).
1159 2230 45 4 —
1251 2210 178 45 Paysage:
1459 2209 29 33 la
1517 2208 120 34 chasse
1670 2219 43 22 au

783 2271 106 33 daim.
946 2269 194 47 (Autrefois
1166 2269 147 34 attribué
1340 2270 18 32 à
1384 2268 143 45 Mathys
1554 2267 94 45 Brill)
1764 2266 47 34 IV
1838 2270 47 30 tr.
1915 2265 75 34 E-N

379 2331 90 35 1907
641 2352 41 2 —
737 2331 129 45 Paysage
866 2331 49 45 :
945 2330 31 33 la
1002 2329 121 34 chasse
1149 2340 43 22 au
1219 2328 81 34 cerf.
1344 2326 193 48 (Autrefois
1563 2327 147 33 attribué

782 2392 19 31 à
828 2390 143 45 Mathys
999 2388 706 47 Brill).
1860 2404 41 4 —

377 2451 91 35 1908
642 2471 41 3 —
737 2450 129 45 Paysage
866 2450 49 45 :
946 2449 30 34 la
1003 2449 121 33 chasse
1151 2459 66 22 aux
1245 2447 159 34 canards
1857 2463 45 4 —

377 2511 92 35 1909
641 2531 41 3 —
738 2510 176 45 Paysage:
944 2509 113 33 Diane
1085 2516 33 25 et
1144 2518 54 23 ses
1226 2506 477 46 nymphes.
1858 2522 41 5 —

378 2570 91 35 1910
641 2590 41 3 —
736 2569 178 45 Paysage:
944 2568 49 34 les
1020 2567 684 46 pêcheurs.,
1761 2562 146 34 XXXIV

377 2629 89 35 1911
640 2649 41 3 —
735 2629 178 45 Paysage:
945 2627 73 33 Pan
1045 2635 33 25 et
1104 2626 140 45 Syrinx.
1301 2625 79 46 (Les
1407 2623 128 46 figures
1562 2631 81 26 sont
1665 2630 48 26 at-

783 2688 151 33 tribuées
960 2688 18 31 à
1005 2686 44 33 A.
1080 2685 171 34 Carrache
1278 2695 47 23 ou
1351 2695 44 22 au
1420 2681 158 47 Josépin)
1757 2680 145 34 XXXIV

378 2748 90 34 1912
594 2749 190 33 Brouwer
818 2758 45 22 ou
906 2747 199 41 Brauwer,
1145 2744 179 35 Adriaen.
1366 2742 105 47 (1605
1511 2753 45 23 ou
1601 2752 10 22 1
1620 2740 89 35 606-

788 2804 114 47 1638).
933 2825 42 4 —
1003 2804 170 34 Intérieur
1200 2804 42 33 de
1269 2802 436 45 tabagie.,
1763 2798 144 34 XXXIV

378 2866 91 35 1913
641 2886 42 4 —
736 2865 170 34 Intérieur
933 2865 42 33 de
1003 2864 145 34 cabaret.
1202 2863 46 33 Le
1276 2861 125 34 refrain
1430 2861 164 44 bachique
1763 2858 60 33 XX
