2254 3470
543 344 142 52 PARIS,
724 344 154 42 MUSÉE
911 345 237 41 NATIONAL
1185 358 57 29 DU
1287 346 184 42 LOUVRE
1711 345 48 43 '],'
1759 345 19 43 £
1778 345 20 43 }

172 473 90 34 1972
384 473 116 44 Dyck,
536 473 194 34 Anthonis
764 483 75 24 van
873 472 249 46 (1599-1641).
1177 494 41 4 —
1272 475 149 34 Portrait
1457 487 42 21 en

575 533 98 33 buste
699 532 43 34 de
771 532 162 42 François
960 533 43 33 de
1030 533 185 37 Moncade
1516 533 69 37 VI
1585 533 92 37 tr.
1677 533 95 37 E-S

172 591 90 35 1973
431 612 45 4 —
528 591 165 34 Portraits
714 591 83 33 d'un
825 591 149 34 homme
1001 592 42 33 de
1071 593 129 44 qualité
1227 602 33 25 et
1287 595 42 32 de
1357 606 34 21 sa
1418 594 83 34 fille.
1555 596 100 33 XVII

171 650 90 35 1974
431 671 40 3 —
526 651 165 33 Portraits
717 650 105 34 d'une
849 651 103 33 dame
980 660 33 24 et
1039 652 43 33 de
1109 663 35 22 sa
1171 652 324 36 fille.
1554 655 101 34 XVII

170 710 89 35 1975
428 730 45 4 —
524 710 147 33 Portrait
698 710 45 33 du
771 710 66 33 duc
871 710 44 33 de
949 710 201 35 Richmond
1187 721 33 24 et
1259 713 121 33 Lenox
1419 725 82 22 avec

572 769 48 34 les
646 769 158 34 attributs
832 769 42 33 de
904 769 588 38 Pâris.
1552 774 102 34 XVII

170 829 89 34 1976
427 848 45 4 —
526 828 44 34 Le
597 828 271 34 Gentilhomme
894 830 19 32 à
940 828 108 46 l'épée
1080 858 412 9 '-",.
1551 834 48 33 VI
1627 838 48 30 tr.
1705 833 67 35 E-S

169 888 89 34 1977
431 908 38 4 -
526 888 146 33 Portrait
698 887 185 46 d'homme
909 900 44 21 au
980 891 197 43 pourpoint
1197 891 214 34 entr'ouvert
1555 894 99 33 XVII

170 947 89 35 1978
428 967 44 4 -
525 947 146 34 Portrait
697 947 196 34 d'homme.
925 948 565 46 (Attribué).
1549 953 100 34 XVII

170 1006 89 35 1979
430 1027 41 4 -
524 1006 87 34 Tête
638 1007 42 33 de
708 1007 443 39 vieillard.
1151 1007 40 39 ,
1553 1013 126 33 XXXV

169 1065 88 35 1981
429 1085 45 5 -
526 1066 46 33 Le
599 1075 152 36 martyre
778 1067 42 33 de
847 1066 97 34 Saint
971 1066 200 39 Sébastien
1552 1073 126 33 XXXV

285 2106 82 35 1902
707 2101 86 32 VAN
793 2101 109 32 DYCK

1055 2103 242 44 1986
1297 2103 193 44 VAN
1490 2103 243 44 HYCK

171 2218 89 35 1982
384 2220 115 42 Dyck,
533 2220 192 34 Anthonis
761 2230 76 25 van
871 2220 248 47 (1599-1641).
1175 2242 40 3 —
1272 2221 147 33 Portrait
1457 2221 43 33 de

571 2278 144 44 femme,
744 2281 170 44 peut-être
942 2281 152 33 Béatrice
1120 2280 48 34 de
1191 2280 160 33 Cusance
1551 2280 129 34 XXXV

171 2338 89 35 1983
430 2358 44 4 —
523 2338 73 34 Son
623 2339 153 45 portrait,
805 2351 59 34 par
890 2340 314 35 lui-même.,
1557 2340 47 33 VI
1632 2344 48 30 tr.
1710 2340 68 35 E-S

171 2397 90 35 1984
432 2418 39 4 —
526 2398 146 34 Portrait
699 2398 195 36 d'homme.
949 2391 118 54 IÉcole
1094 2399 56 44 de)
1554 2398 57 35 I-S

171 2456 89 35 1985
432 2478 38 3 —
525 2457 166 35 Portraits
717 2458 66 34 dits
810 2461 18 31 à
855 2467 68 26 tort
950 2459 42 33 de
1018 2459 86 44 Jean
1132 2459 144 33 Crusset
1296 2458 203 42 Richardot,

573 2518 174 44 président
774 2518 46 34 du
847 2518 144 34 Conseil
1024 2518 96 45 privé
1147 2518 61 33 des
1244 2518 186 45 Pays-Bas,
1469 2526 32 25 et

573 2577 42 33 de
643 2588 64 23 son
735 2577 64 34 fils.
855 2578 116 46 (Peint
998 2589 58 34 par
1095 2589 66 22 van
1203 2577 100 45 Dyck
1339 2577 86 33 dans
1465 2588 35 22 sa

573 2636 172 45 jeunesse)
776 2664 720 8 ,,"
1555 2638 47 33 VI
1629 2642 51 31 tr.
1711 2638 68 35 E-S

171 2694 33 33 S.
234 2695 50 33 N"
432 2715 40 3 —
526 2695 165 34 Portraits
717 2697 43 33 de
788 2697 143 33 Rubens
958 2705 33 25 et
1018 2696 43 33 de
1088 2707 67 22 van
1184 2696 95 45 Dyck
1494 2696 89 35 Coll.
1613 2697 246 45 Schlichting

170 2753 34 34 S.
234 2754 50 33 N°
433 2775 37 3 —
526 2754 147 34 Portrait
699 2755 43 34 de
768 2756 51 33 Sir
844 2756 95 44 John
966 2756 123 33 Strode
1116 2754 41 35 of
1174 2755 177 33 Parnham
1374 2756 128 33 Dorset

575 2814 187 45 (Attribué)
1496 2815 90 35 Coll.
1614 2815 245 45 Schlichting

173 2872 88 35 1986
385 2873 113 45 Eyck,
520 2873 73 34 Jan
615 2883 75 24 van
724 2885 77 22 vers
822 2883 160 35 1390-1441
982 2883 64 35 ).
1064 2894 44 4 —
1128 2874 45 33 La
1188 2874 127 45 Vierge
1331 2873 171 35 d'Autun.
1556 2876 113 33 XXIX
