2220 3463
434 364 59 44 60
779 365 144 52 PARIS,
960 366 157 42 MUSÉE
1148 367 240 43 NATIONAL
1422 381 59 29 DU
1514 368 184 43 LOUVRE

422 496 67 35 703
614 496 188 35 Poterlet.
833 496 245 44 (1802-1835).
1110 517 41 3 —
1183 497 148 45 Dispute
1358 498 43 33 de
1427 497 175 35 Trissotin
1630 508 32 25 et
1695 500 42 33 de

805 555 273 51 Vadius
1078 555 117 51 E.
1195 555 117 51 F.
1312 555 195 51 XIX«
1507 555 117 51 S.
1624 555 117 51 2e
1741 555 234 51 étage
1975 555 118 51 II

422 615 68 35 704
614 615 177 43 Poussin,
821 615 166 35 Nicolas.
1018 615 243 46 (1594-1665).
1291 638 41 2 —
1362 617 131 34 Eliézer
1514 627 32 25 et
1568 619 167 33 Rébecca.
1789 620 131 35 XIV-N

422 675 67 35 705
664 696 41 2 —
759 675 113 34 Moïse
899 676 106 32 sauvé
1032 675 61 33 des
1121 685 109 28 eaux
1789 679 130 35 XIV-N

422 735 68 35 706
670 756 34 3 —
758 735 113 33 Moïse
898 736 106 32 sauvé
1031 735 61 33 des
1120 746 613 27 eaux.
1791 739 131 34 XIV-N

422 795 68 35 707
663 816 41 2 —
757 795 114 33 Moïse
892 794 137 34 foulant
1049 807 67 21 aux
1138 795 96 45 pieds
1255 795 30 33 la
1300 807 182 23 couronne
1497 797 43 34 de
1562 797 175 34 Pharaon.
1792 798 125 36 XIV-S

423 855 67 35 708
663 876 41 2 —
758 854 114 34 Moïse
898 845 198 55 changeant
1123 866 45 22 en
1195 864 139 36 serpent
1361 856 30 33 la
1419 868 103 34 verge
1556 856 173 36 d'Aaron.
1788 858 123 35 XIV-S

422 915 68 35 709
664 936 40 2 —
758 914 65 34 Les
842 914 170 34 Israélites
1027 914 202 34 recueillant
1250 914 31 34 la
1296 919 131 30 manne
1448 916 86 34 dans
1558 916 30 34 le
1606 917 126 33 désert.
1786 917 123 35 XIV-S

423 975 68 35 710
664 996 44 2 —
761 974 64 34 Les
853 974 181 34 Philistins
1062 973 136 46 frappés
1226 975 42 32 de
1295 974 30 34 la
1353 984 114 36 peste
1792 977 123 35 XIV-S

424 1036 64 34 711
665 1056 41 2 —
760 1034 47 34 Le
835 1034 183 46 jugement
1045 1034 42 33 de
1114 1033 618 37 Salomon.
1791 1037 130 34 XIV-N

424 1096 67 34 712
665 1115 41 4 —
762 1094 223 33 L'adoration
1013 1094 61 33 des
1103 1104 627 34 mages.
1788 1096 103 35 XV-S

424 1155 68 35 713
665 1175 42 4 —
760 1154 118 33 Sainte
908 1153 145 34 Famille
1086 1157 57 42 (en
1165 1153 161 44 hauteur)
1795 1155 123 35 XIV-S

426 1215 68 35 714
666 1235 42 3 —
760 1214 119 33 Sainte
909 1213 144 34 Famille
1087 1216 57 39 (en
1173 1213 150 45 largeur)
1792 1215 126 35 XIV-S

424 1276 68 35 715
664 1296 42 2 —
760 1274 64 34 Les
851 1273 165 46 aveugles
1044 1274 42 32 de
1112 1273 615 45 Jéricho.
1785 1275 131 34 XIV-N

424 1336 68 35 716
667 1356 40 2 —
762 1334 46 33 La
836 1333 134 34 femme
997 1333 156 34 adultère
1180 1333 129 34 devant
1337 1334 30 33 le
1395 1333 131 36 Christ
1789 1334 123 35 XIV-S

522 1960 66 30 734
1026 1949 161 33 POUSSIN

1382 1946 48 33 S.
1430 1946 66 33 N°
1787 1944 159 33 POUSSIN

426 2010 67 35 717
617 2009 176 43 Poussin,
823 2008 169 36 Nicolas.
1022 2006 248 47 (1594-1665).
1325 2026 41 4 —
1417 2004 239 42 Jésus-Christ
1682 2004 58 33 in-

810 2069 144 33 stituant
980 2068 30 33 le
1038 2075 196 26 sacrement
1262 2066 42 33 de
1332 2064 254 35 l'Eucharistie
1790 2062 130 35 XIV-N

426 2129 67 36 718
664 2150 45 3 —
762 2128 274 44 L'Assomption
1063 2127 42 33 de
1132 2127 31 32 la
1192 2126 541 45 Vierge
1791 2120 123 36 XIV-S

426 2190 68 34 719
668 2209 41 3 —
763 2188 207 45 Apparition
993 2187 41 33 de
1057 2186 30 34 la
1116 2186 126 45 Vierge
1263 2187 18 31 à
1301 2185 49 33 St.
1373 2184 147 45 Jacques
1541 2183 31 33 le
1593 2182 145 46 Majeur.
1793 2181 130 34 XIV-N

427 2249 67 35 720
668 2269 40 2 —
763 2247 46 33 La
837 2255 93 25 mort
957 2247 43 33 de
1027 2246 144 45 Saphire
1789 2239 123 35 XIV-S

426 2309 65 35 721
668 2328 39 3 —
761 2307 97 34 Saint
884 2306 87 45 Jean
1000 2306 172 45 baptisant
1199 2305 30 32 le
1258 2303 123 46 peuple
1409 2314 57 21 sur
1492 2302 48 33 les
1560 2302 104 33 bords
1693 2301 46 32 du

808 2366 715 45 Jourdain.
1523 2366 42 45 ,
1792 2358 131 35 XIV-N

427 2428 68 34 722
668 2447 40 2 —
764 2426 46 33 Le
837 2426 231 33 ravissement
1096 2425 42 32 de
1166 2424 89 33 saint
1283 2422 102 34 Paul
1793 2417 125 35 XIV-S

428 2487 68 35 723
669 2506 41 3 —
762 2485 98 34 Saint
890 2484 309 43 François-Xavier
1225 2482 178 45 rappelant
1430 2483 18 30 à
1475 2481 29 32 la
1532 2480 54 32 vie
1613 2479 30 32 la
1671 2478 68 33 fille

810 2545 83 33 d'un
922 2544 156 33 habitant
1106 2544 42 32 de
1176 2542 214 45 Cangorima
1420 2538 138 46 Japon)
1790 2536 126 34 XIV-E

428 2605 68 35 724
667 2626 41 2 —
763 2604 266 33 L'enlèvement
1057 2603 60 33 des
1144 2602 167 34 Sabines
1788 2594 123 36 XIV-S

428 2665 67 35 725
669 2684 40 3 —
764 2663 149 33 Camille
941 2663 83 33 livre
1052 2662 31 33 le
1111 2664 123 31 maître
1261 2660 131 33 d'école
1429 2659 60 32 des
1520 2658 174 44 Falisques
1721 2658 18 31 à

810 2734 53 22 ses
891 2722 841 34 écoliers.
1790 2713 129 35 XIV-N

428 2783 67 35 726
669 2803 40 2 —
763 2782 47 33 Le
837 2782 103 45 jeune
969 2781 156 45 Pyrrhus
1153 2780 578 33 sauvé
1791 2772 123 35 XIV-S

428 2843 68 34 729
668 2862 38 3 —
762 2840 524 34 Bacchanale.
1286 2840 40 34 ,
1608 2840 40 34 ,
1648 2840 82 34 .,
1789 2831 130 35 XIV-N

429 2902 67 35 730
668 2921 41 3 —
764 2899 342 34 Bacchanale.
1106 2899 40 34 ,
1488 2899 40 34 ,
1790 2890 128 35 XIV-N
