2214 3468
440 305 59 44 54
784 308 144 51 PARIS,
965 309 157 43 MUSÉE
1154 311 239 43 NATIONAL
1427 326 60 29 DU
1521 312 185 43 LOUVRE

403 438 13 15 *
620 439 178 45 Meynier
834 439 175 36 Charles.
1053 439 236 47 (1708-18-2)
1327 442 162 33 Plafond:
1532 444 30 31 la
1604 444 137 41 France,

812 511 82 21 sous
916 500 49 32 les
986 501 97 32 traits
1103 501 41 32 de
1161 501 164 41 Minerve,
1350 507 158 28 recevant
1530 502 213 45 l'hommage

809 560 60 32 des
904 561 216 32 Beaux-Arts.
1161 580 47 4 —
1240 561 164 33 Voussures
1404 561 50 33 :
1497 563 128 39 Quatre
1667 564 78 31 bas-

813 619 111 32 reliefs
951 620 101 32 ornés
1080 621 42 31 de
1144 621 120 32 scènes
1290 632 44 21 ou
1363 622 41 31 de
1433 621 207 33 médaillons
1667 625 17 29 à
1713 623 29 31 la

812 679 106 44 gloire
946 680 60 32 des
1033 684 68 28 arts
1128 684 32 29 et
1196 680 60 32 des
1288 680 349 34 artistes
1649 681 127 35 Palier
1804 683 168 34 escalier
1999 683 100 34 Daru

402 737 14 15 *
668 758 42 3 —
764 739 120 32 Plafond
884 739 45 32 :
960 739 197 43 Apothéose
1185 740 41 32 de
1255 740 158 41 Poussin,
1457 741 41 32 Le
1537 741 120 40 Sueur,
1701 742 41 31 Le

813 800 100 31 Brun.
945 819 42 3 —
1015 800 214 32 Voussures:
1260 800 275 43 Symbolisation
1563 801 60 32 des
1657 801 87 33 hon-

812 870 103 21 neurs
948 860 127 32 rendus
1101 870 65 21 aux
1193 859 146 33 artistes.
1394 860 207 33 Médaillons
1637 860 108 43 repré-

813 923 140 28 sentant
992 920 49 31 les
1081 919 149 43 peintres
1275 920 151 32 célèbres
1472 920 47 32 du
1557 919 101 33 siècle
1702 920 42 32 de

812 978 102 33 Louis
936 979 74 31 XIV
1031 982 17 29 à
1070 979 88 32 celui
1181 979 53 43 de
1234 979 180 43 Napoléon
1439 980 59 33 ler
1791 979 100 35 Salle
1918 980 29 33 V

402 1036 14 16 *
667 1058 42 3 —
764 1038 120 33 Plafond
884 1038 45 33 :
961 1039 60 31 Les
1043 1039 176 43 nymphes
1234 1039 41 32 de
1298 1039 225 43 Parthénope,
1548 1043 195 39 emportant

810 1098 48 32 les
881 1098 155 42 Pénates,
1061 1099 185 32 conduites
1270 1110 56 31 par
1349 1100 29 31 la
1400 1098 119 33 déesse
1540 1100 60 31 des
1623 1100 122 31 Beaux-

811 1161 75 29 Arts
909 1169 56 21 sur
992 1159 49 31 les
1068 1159 103 32 bords
1199 1159 41 32 de
1268 1160 29 30 la
1326 1158 112 33 Seine.
1463 1179 41 2 —
1528 1160 176 31 Voussures
1704 1160 36 31 :

810 1221 120 37 quatre
958 1218 161 32 tableaux
1146 1218 87 32 dans
1261 1219 30 31 le
1314 1229 103 34 genre
1444 1219 41 31 de
1513 1229 85 21 ceux
1624 1217 118 33 d'Her-

809 1277 662 34 culanum.
1531 1276 133 36 Musée
1687 1277 161 35 Charles
1869 1278 39 41 X,
1931 1278 112 34 VIIme
2065 1278 31 34 s.

478 1960 96 47 (104)
1051 1962 120 31 MILLET

1356 1962 66 40 044
1908 1963 118 30 MILLET

428 2033 68 35 623
621 2033 219 42 Michallon,
840 2033 300 42 Achille-Etna.
1153 2030 32 47 (
1185 2030 213 47 1700-1822).
1412 2033 36 44 —
1448 2033 182 44 Paysage.
1657 2030 57 46 E.
1714 2030 171 46 F.XIXeS.
1885 2030 171 46 1erétage
2056 2030 39 46 I

428 2092 68 36 625
670 2113 41 3 —
764 2093 132 32 Thésée
925 2092 229 43 poursuivant
1182 2093 48 31 les
1256 2092 480 33 Centaures.,..
1791 2091 132 34 VIII-E

428 2153 67 34 626
622 2153 154 42 Michel,
807 2152 181 44 Georges.
1021 2149 246 48 (1763-184-}).
1310 2171 44 4 —
1387 2154 73 29 Aux
1499 2151 162 33 environs
1699 2151 42 32 de-

812 2214 201 32 Montmartre
1596 2210 38 34 E.
1660 2210 34 34 F.
1716 2210 96 33 XIXe
1831 2209 31 35 S.
1886 2209 36 34 2e
1944 2208 113 45 étage
2080 2209 15 34 1

429 2272 67 35 627
670 2292 41 5 —
766 2272 163 33 Intérieur
955 2272 42 32 de
1025 2271 710 34 forêt.
1884 2288 46 5 -

428 2332 68 35 628
621 2332 190 44 Mignard,
860 2331 144 42 Pierre,
1052 2329 202 34 surnommé
1299 2329 49 34 Le
1395 2328 171 35 Romain.
1614 2328 126 44 (1612-

818 2378 113 46 1695).
960 2399 46 4 —
1035 2379 41 31 La
1105 2378 120 44 Vierge
1252 2380 17 29 à
1299 2378 29 31 la
1357 2387 127 34 grappe
1791 2375 132 34 XIV-N

428 2440 68 34 629
672 2460 36 3 —
758 2439 228 42 Jé.;u'-Christ
1014 2443 32 28 et
1074 2439 29 31 la
1132 2436 600 45 Samaritaine.
1788 2433 124 35 XIV-S

428 2499 69 35 634
670 2519 39 4 —
762 2499 116 32 Sainte
900 2498 112 33 Cécile
1034 2498 168 32 chantant
1229 2497 49 31 les
1299 2497 168 42 louanges
1488 2495 45 32 du
1557 2494 177 45 Seigneur.
1788 2493 129 33 XIV-N

428 2559 68 35 638
668 2579 39 3 —
764 2558 159 33 Portraits
950 2569 41 21 en
1021 2557 77 43 pied
1132 2557 41 32 de
1202 2555 101 33 Louis
1330 2555 41 32 de
1400 2555 137 40 France,
1566 2552 171 43 dauphin,

811 2618 56 32 fils
893 2618 42 31 de
964 2616 103 34 Louis
1095 2617 72 31 XIV
1197 2616 43 44 (le
1269 2614 113 33 Grand
1412 2610 192 47 Dauphin),
1633 2612 42 32 de
1703 2621 35 23 sa

812 2677 128 33 femme
968 2680 33 29 et
1016 2676 53 32 de
1097 2686 53 22 ses
1177 2674 138 33 enfants
1342 2684 41 21 en
1412 2674 61 31 bas
1500 2673 66 43 âge
1793 2668 104 35 XV-S

428 2736 68 35 639
668 2757 44 3 —
764 2736 140 33 Portrait
932 2736 41 32 de
1012 2734 179 44 Françoise
1230 2732 211 44 d'Aubigné,
1484 2730 173 42 marquise
1696 2730 42 32 de

811 2784 920 33 Maintenon.
1787 2775 121 34 XIV-S

428 2843 69 35 640
668 2863 40 4 —
764 2843 139 33 Portrait
934 2843 41 32 de
1005 2842 155 44 Mignard
1191 2837 184 48 (Attribué)
1789 2833 123 35 XIV-S
