2223 3469
418 320 60 44 44
765 322 144 52 PARIS,
945 322 158 43 MUSÉE
1134 323 238 43 NATIONAL
1406 337 60 29 DU
1505 325 183 41 LOUVRE

384 451 35 35 S.
448 452 52 35 N°
606 452 49 35 La
682 452 115 42 Tour,
828 453 47 34 M.
904 452 168 43 Quentin
1104 453 65 35 De.
1206 452 252 48 (1704-1788).
1500 475 42 3 —
1580 454 149 34 Portrait

793 512 43 34 de
862 512 91 45 Jean
953 512 182 45 Restout.
1188 513 120 35 Pastel
1779 513 35 36 S.
1843 514 69 35 des
1933 515 152 43 pastels

386 571 34 35 S.
448 572 53 34 N°
649 593 43 3 —
745 572 108 34 Louis
879 572 43 34 de
951 572 142 43 France,
1122 572 167 45 dauphin.
1319 573 406 34 Pastel.
1874 595 46 4 —

386 631 34 35 S.
450 631 52 35 N°
649 652 43 4 -
744 632 110 33 Marie
879 632 155 45 Josèphe
1061 632 42 33 de
1130 632 101 43 Saxe,
1254 633 189 45 dauphine.
1474 633 103 34 Pastel
1877 654 43 4 —

386 691 34 35 S.
450 692 52 34 N°
650 712 41 4 -
746 691 169 35 Philibert
942 690 107 47 Orry,
1084 700 117 25 comte
1240 692 43 34 de
1320 692 173 46 Vignory,
1530 692 201 35 contrôleur

794 751 61 34 des
881 751 155 34 finances
1077 760 33 25 et
1145 752 244 34 surintendant
1430 753 61 33 des
1529 753 200 41 bâtiments,

794 812 109 45 grand
918 812 161 33 trésorier
1094 811 42 34 de
1152 811 138 34 l'Ordre
1305 812 47 33 du
1363 812 238 45 Saint-Esprit.
1617 812 114 34 Pastel
1877 833 43 3 —

387 871 37 34 S.
454 871 52 34 N°
655 892 42 3 —
750 871 149 34 Portrait
926 871 43 33 de
997 870 169 34 Chardin.
1200 871 115 34 Pastel
1877 892 42 4 —

388 930 37 35 S.
455 931 51 34 N°
653 952 46 4 —
750 931 150 34 Portrait
926 931 43 33 de
994 930 149 46 Jacques
1171 931 163 34 Dumont
1360 931 31 34 le
1419 931 164 33 Romain.
1616 931 114 34 Pastel
1875 952 46 4 —

388 990 34 35 S.
452 991 51 34 N°
652 1012 41 3 —
747 991 149 33 Portrait
923 991 47 33 du
997 990 174 45 sculpteur
1199 991 98 34 René
1327 991 153 33 Frémin.
1511 990 100 34 Pastel
1876 1011 46 4 —

389 1050 34 34 S.
452 1051 52 33 No
651 1072 45 3 —
749 1051 106 33 Louis
881 1050 79 34 XV.
991 1050 119 34 Pastel
1878 1071 42 3 —

390 1110 34 34 S.
454 1111 51 33 Nu
655 1132 41 2 —
751 1110 46 34 Le
826 1110 175 34 Maréchal
1028 1110 42 34 de
1098 1110 100 34 Saxe.
1224 1111 502 33 Pastel.
1878 1130 42 4 —

390 1170 33 34 S.
453 1171 51 34 N°
653 1192 40 2 —
747 1170 148 34 Portrait
921 1170 47 33 du
996 1170 168 45 sculpteur
1164 1170 118 45 J.-B.
1315 1171 194 45 Lemoyne.
1539 1169 185 35 Pastel.
1878 1190 42 4 —

564 2082 32 32 S.
626 2082 46 32 N°
862 2082 45 31 DE
930 2082 45 30 LA
1005 2081 93 32 TOUR

1312 2088 58 33 521
1642 2075 115 33 VIGÉE
1757 2075 57 33 LE
1814 2075 98 33 BRUN

397 2184 34 34 S.
462 2184 50 33 Nu
612 2183 50 34 La
689 2183 113 41 Tour,
832 2182 49 34 M.
913 2181 168 43 Quentin
1118 2181 61 34 De.
1221 2177 246 48 (1704-1788).
1505 2198 47 4 —
1588 2177 147 34 Portrait

806 2241 43 34 de
899 2241 87 44 Jean
1040 2240 47 33 Le
1142 2240 104 33 Rond
1298 2238 230 34 d'Alembert.
1606 2236 125 34 Pastel.

808 2286 212 61 \Reproduit)
1784 2294 31 35 S.
1845 2294 69 35 des
1940 2285 150 52 pastels

399 2362 33 34 S.
461 2362 51 34 N°
658 2381 45 4 —
756 2361 148 33 Portrait
916 2360 43 33 de
973 2360 46 33 La
1031 2358 99 34 Tour
1145 2369 59 34 par
1222 2358 196 33 lui-même.
1432 2356 127 43 Pastel,
1576 2355 156 34 ébauche
1878 2373 43 4 —

399 2422 33 34 S.
462 2422 52 33 N°
660 2441 45 3 —
757 2420 148 34 Portrait
931 2419 44 34 de
1002 2418 108 34 Marie
1139 2416 249 46 Leszczynska,
1411 2416 95 34 reine
1533 2416 42 32 de
1593 2414 139 34 France.

806 2479 925 34 Pastel.
1880 2491 42 4 —

416 2540 59 45 17)
660 2560 45 3 —
758 2539 140 33 Portrait
925 2539 41 32 de
993 2537 118 34 Nicole
1139 2536 134 41 Ricard,
1303 2535 132 41 enfant,
1460 2535 78 42 plus
1558 2533 73 34 tard
1653 2534 81 31 Mme

807 2599 152 45 Goujon,
984 2598 89 31 mère
1094 2598 46 31 du
1157 2594 283 35 conventionnel.
1459 2593 120 33 Pastel.
1599 2592 92 34 Coll.
1708 2588 381 37 Arconati-Visconti

417 2657 82 41 142)
666 2678 41 3 —
760 2657 141 34 Portrait
927 2657 41 32 de
997 2658 41 30 La
1067 2656 104 33 Tour.
1201 2654 122 41 Pastel,
1353 2648 339 48 préparation
1692 2648 169 48 Coll.
1861 2648 228 48 Camondo

418 2717 81 40 143)
666 2737 42 4 —
762 2717 140 33 Portrait
928 2717 42 32 de
998 2714 88 34 Melle
1113 2713 213 45 Dangeville.
1369 2712 122 41 Pastel,
1521 2709 213 45 préparation
1881 2727 42 5 —

426 2776 67 35 547
618 2777 49 34 La
697 2776 113 42 Tour,
839 2775 170 44 Georges
1048 2774 49 34 du
1138 2772 119 36 Ménil
1298 2772 44 34 de
1384 2769 60 48 (?-
1444 2769 122 48 1652).
1610 2790 41 3 —
1693 2770 42 31 Le

811 2835 193 32 reniement
1030 2834 42 32 de
1100 2833 90 33 saint
1219 2832 606 33 Pierre.
1880 2826 68 34 XII
