2281 3461
973 336 60 42 XI

143 467 149 46 mariage
319 478 81 22 avec
428 467 73 33 l'art
527 467 41 32 de
596 467 154 41 Rubens,
781 465 126 33 l'Ecole
936 465 177 44 Française
1143 465 113 33 suivra
1285 476 35 22 sa
1349 476 120 32 propre
1490 465 180 33 évolution
1693 468 18 29 à
1732 469 129 29 travers

141 528 48 33 les
215 528 100 32 salles
342 526 125 43 qu'elle
493 537 132 31 occupe
654 525 230 41 maintenant,
912 525 143 45 jusqu'à
1083 525 161 43 l'époque
1271 525 42 33 de
1336 524 123 33 David.
1514 525 101 32 Seule
1644 525 31 32 la
1704 525 82 31 salle
1815 524 43 32 de

139 588 31 32 la
196 586 183 34 collection
409 587 42 31 La
478 586 84 32 Caze
590 584 228 34 conserverait
845 588 17 29 à
890 589 85 38 part,
1005 588 33 30 et
1065 584 84 33 c'est
1172 584 142 46 justice,
1344 584 206 33 l'ensemble
1590 584 42 33 de
1670 595 52 21 ses
1763 583 98 43 pein-

139 651 93 29 tures
272 645 195 44 françaises,
519 646 48 31 les
605 644 171 33 dernières
814 644 101 33 toiles
954 644 60 32 des
1053 644 112 33 écoles
1204 644 208 44 étrangères,
1454 643 59 42 qui
1555 655 21 32 y
1619 648 78 28 sont
1738 654 122 22 encore

139 705 174 44 exposées,
344 709 190 41 regagnant
561 705 90 31 leurs
678 703 101 33 séries
807 703 218 43 respectives.
1066 704 20 31 Il
1116 715 42 21 ne
1186 703 153 34 resterait
1361 704 79 42 plus
1461 703 102 33 alors:
1594 710 32 24 1°
1648 702 79 42 qu'à
1751 713 108 22 rame-

141 775 69 31 ner,
239 765 87 32 dans
353 765 29 31 le
409 764 172 32 vestibule
609 763 184 43 précédant
820 763 30 32 la
878 763 89 32 Salle
994 764 40 41 V,
1064 764 30 31 la
1123 763 136 42 fresque
1286 763 42 32 de
1357 764 58 31 Fra
1443 762 169 45 Angelico
1639 766 33 29 et
1700 763 49 31 les
1770 763 89 31 deux

140 824 152 42 fresques
319 823 40 33 de
387 823 182 41 Botticelli,
599 822 58 42 qui
695 822 261 33 deviendraient
991 822 87 33 ainsi
1107 822 153 33 voisines
1287 823 41 32 de
1357 823 103 32 celles
1487 822 42 33 de
1570 822 112 36 Luini,
1724 826 33 28 et
1795 821 65 33 for-

140 883 165 33 meraient
331 893 82 23 avec
440 883 83 32 elles
551 883 29 32 la
607 882 165 33 véritable
800 887 32 28 et
861 882 217 44 magnifique
1106 882 114 33 entrée
1240 882 46 33 du
1310 882 118 32 Musée
1452 881 132 34 Italien.
1623 882 41 32 Le
1688 881 172 44 Memling

138 943 42 33 de
208 943 29 32 la
267 942 183 34 collection
488 942 167 32 Duchâtel
702 941 74 33 irait
814 952 98 22 orner
950 953 41 20 en
1033 941 164 43 première
1238 942 96 43 place
1376 953 45 21 un
1463 941 141 33 cabinet
1644 941 156 32 flamand
1840 944 18 28 à

139 1001 120 34 l'autre
298 1003 86 32 bout
421 1002 46 32 du
514 1001 130 42 Musée,
686 1005 33 29 et
758 1002 48 31 les
845 1001 89 33 deux
973 1001 162 33 tableaux
1174 1001 154 45 d'Ingres
1368 1000 263 33 deviendraient
1672 1000 187 33 l'honneur

138 1061 105 33 d'une
270 1061 82 33 salle
379 1072 42 21 au
452 1064 35 28 2e
520 1060 110 45 étage.
662 1081 42 3 —
733 1066 37 26 2°
797 1064 18 29 à
842 1071 137 32 espacer
1005 1061 88 32 dans
1120 1061 50 32 les
1196 1060 158 34 cabinets
1382 1061 191 43 parallèles,
1610 1061 251 32 actuellement

138 1120 216 42 encombrés,
395 1120 58 42 qui
494 1124 143 29 courent
663 1120 60 33 des
750 1121 88 32 deux
865 1120 95 33 côtés
986 1120 41 33 de
1056 1120 30 32 la
1115 1121 82 31 salle
1226 1121 116 38 XVIII,
1372 1120 49 32 les
1450 1120 177 43 peintures
1655 1120 61 32 des
1744 1119 116 33 écoles

140 1181 173 32 flamande
341 1184 32 29 et
413 1180 216 33 hollandaise
667 1180 46 32 du
754 1181 105 31 XVIIe
903 1180 114 41 siècle,
1048 1190 55 22 ces
1144 1180 112 33 écoles
1294 1184 131 29 venant
1464 1179 197 44 s'épanouir
1700 1180 88 32 dans
1829 1179 30 32 la

140 1239 134 34 Grande
301 1239 130 33 Galerie
459 1250 80 22 avec
568 1240 213 32 Rembrandt
817 1245 32 27 et
888 1240 155 41 Rubens,
1086 1244 33 28 et
1158 1244 145 39 prenant
1343 1243 116 29 toutes
1499 1240 89 32 deux
1628 1240 72 32 leur
1739 1249 120 22 source

139 1299 87 33 dans
262 1298 171 34 l'actuelle
473 1299 81 32 salle
581 1299 218 37 Chauchard,
829 1299 45 33 où
904 1298 145 34 seraient
1089 1300 89 32 alors
1218 1299 143 43 exposés
1401 1299 49 32 les
1490 1299 165 33 Primitifs
1682 1298 174 33 d'Harlem

139 1362 33 30 et
198 1359 42 32 de
269 1359 123 43 Leyde,
423 1359 41 32 de
492 1358 166 42 Louvain,
688 1357 166 34 d'Anvers
881 1369 44 23 ou
954 1359 41 32 de
1025 1360 139 43 Bruges,
1198 1359 78 43 plus
1307 1359 152 41 curieux,
1484 1370 80 21 sans
1591 1369 115 22 aucun
1735 1358 120 36 doute,

138 1420 19 31 à
185 1418 201 43 rapprocher
413 1418 48 32 les
489 1429 65 21 uns
580 1418 61 32 des
667 1422 126 37 autres,
823 1418 80 42 qu'à
931 1422 76 39 trop
1034 1418 224 33 différencier.

280 1477 59 32 Tel
368 1482 50 28 est
446 1478 29 31 le
503 1478 79 42 plan
610 1477 154 45 logique,
790 1477 117 33 réalisé
930 1478 194 33 seulement
1146 1489 41 21 en
1210 1478 106 43 partie
1340 1478 87 32 mais
1446 1477 230 34 entièrement
1696 1477 159 46 jalonné,

139 1548 68 31 que
234 1536 68 33 l'on
329 1537 74 33 doit
430 1537 236 42 comprendre,
697 1542 104 28 avant
828 1538 41 32 de
896 1537 117 33 visiter
1040 1538 61 32 des
1128 1537 156 45 galeries,
1327 1538 59 41 qui
1429 1542 142 39 passent
1610 1548 136 29 encore,
1790 1548 65 21 aux

141 1607 88 33 yeux
255 1596 42 33 de
335 1597 195 42 beaucoup,
563 1607 85 32 pour
688 1608 45 21 un
774 1597 234 43 capharnaùm
1049 1597 42 33 de
1132 1597 205 33 merveilles.
1391 1598 96 32 Nous
1515 1608 126 22 savons
1681 1597 80 33 bien
1791 1608 69 30 que

138 1655 147 33 certains
311 1655 172 34 dilett.inti
514 1667 41 21 ne
583 1667 34 21 se
645 1656 216 45 plaignaient
889 1668 60 31 pas
976 1657 47 32 du
1051 1656 172 41 désordre,
1254 1656 176 33 d'ailleurs
1458 1658 79 42 plus
1564 1656 199 45 légendaire
1791 1668 69 30 que

139 1714 177 43 véritable,
339 1715 58 42 qui
422 1715 144 45 régnait,
596 1715 187 43 disent-ils,
813 1716 87 32 dans
931 1716 147 33 l'ancien
1102 1716 129 33 Musée.
1276 1717 42 32 Ils
1340 1720 225 41 regretteront
1586 1717 41 32 de
1650 1728 42 21 ne
1714 1716 146 43 pouvoir

140 1774 144 33 admirer
310 1775 160 32 Watteau
500 1776 74 41 près
601 1775 41 32 de
669 1776 226 41 Rembrandt,
931 1786 45 23 ou
1017 1777 158 31 Vermeer
1213 1779 18 29 à
1271 1776 75 33 côté
1388 1777 41 31 de
1473 1776 244 33 Baldovinetti.
1774 1777 86 31 Pour

140 1838 95 29 notre
263 1838 84 39 part,
378 1845 89 22 nous
494 1845 148 33 croyons
669 1835 79 42 plus
776 1834 205 34 intéressant
1008 1835 170 33 d'étudier
1217 1836 60 32 des
1317 1836 136 33 artistes
1491 1836 42 33 de
1574 1837 113 31 même
1728 1846 73 22 race
1841 1838 17 29 à

139 1893 61 33 des
227 1893 152 43 époques
406 1893 162 37 diverses,
599 1898 44 32 et,
674 1905 121 22 encore
823 1895 209 44 davantage,
1063 1896 48 31 les
1139 1895 150 43 peintres
1316 1895 284 44 contemporains
1627 1896 60 32 des
1708 1896 152 32 diverses

141 1952 149 34 nations.
343 1953 95 32 Nous
464 1953 139 33 aurions
631 1954 90 32 donc
760 1954 109 32 désiré
908 1965 67 31 que
1015 1955 29 31 le
1085 1955 117 32 Musée
1244 1956 41 32 de
1326 1955 158 33 Peinture
1513 1956 62 42 pût
1616 1956 244 42 correspondre

138 2012 225 33 absolument
388 2015 18 29 à
434 2013 30 31 la
493 2012 115 33 réalité
635 2013 191 42 historique
854 2014 41 32 de
924 2014 204 33 l'évolution
1156 2015 88 32 dans
1276 2016 48 31 les
1364 2015 200 33 différentes
1604 2015 124 33 écoles.
1784 2017 78 40 Que

142 2071 258 42 manquera-t-il
429 2074 17 30 à
474 2076 53 29 cet
555 2072 79 33 idéal
634 2072 40 33 ?
726 2074 41 31 La
796 2073 194 43 possibilité
1030 2074 61 32 des
1130 2075 308 42 rapprochements
1478 2079 94 29 entre
1614 2075 49 32 les
1702 2074 162 33 Siennois

140 2130 46 33 du
222 2131 89 32 XIVe
344 2130 101 34 siècle
485 2135 32 29 et
556 2132 53 32 les-
642 2131 186 45 étrangers,
871 2137 136 29 surtout
1046 2134 49 32 les
1136 2134 171 43 Français,
1349 2134 59 42 qui
1452 2134 129 33 étaient
1621 2135 90 32 leurs
1751 2134 113 32 élèves

140 2189 138 42 directs,
308 2190 31 32 la
366 2190 194 43 possibilité
587 2191 169 33 d'étudier
782 2192 42 32 de
852 2193 74 42 près
953 2185 49 40 les
1029 2192 194 34 influences
1260 2194 197 32 lombardes
1494 2205 56 21 sur
1590 2194 60 32 des
1690 2194 174 32 flamands

141 2258 137 23 comme
305 2249 155 43 Quentin
491 2252 143 42 Metsys,
664 2262 45 22 ou
738 2251 49 32 les
815 2251 193 34 influences
1035 2252 220 33 vénitiennes
1283 2264 56 22 sur
1375 2254 49 32 les
1460 2254 204 32 Allemands
1705 2254 45 32 du
1791 2254 71 32 Sud

141 2318 43 22 au
207 2308 90 32 XVIe
318 2308 114 42 siècle,
462 2309 30 32 la
520 2310 194 42 possibilité
741 2311 42 32 de
810 2315 173 29 constater
1010 2312 48 32 les
1086 2306 154 49 rapports
1267 2314 67 31 très
1361 2324 138 21 connus
1526 2313 60 32 des
1616 2313 137 33 Italiens
1781 2323 82 23 avec

140 2377 86 22 ceux
251 2367 106 41 qu'on
385 2369 135 42 appelle
547 2371 201 31 romanistes
775 2381 41 22 en
846 2371 170 32 Hollande
1044 2375 33 30 et
1104 2383 40 21 en
1176 2372 155 33 Flandre.
1377 2372 85 33 Mais
1489 2376 18 29 à
1536 2372 231 43 l'impossible
1802 2373 59 32 nul

143 2424 87 35 n'est
256 2430 96 29 tenu.
408 2428 41 31 Le
477 2428 97 42 point
603 2428 189 44 important
819 2429 82 34 était
928 2430 41 33 de
999 2435 121 29 mettre
1148 2442 41 21 en
1218 2431 165 33 évidence
1412 2436 89 29 cette
1530 2432 128 44 grande
1685 2437 178 28 rencontre

142 2485 41 32 de
212 2485 132 42 l'Italie,
373 2486 61 33 des
462 2487 160 33 Flandres
649 2492 32 29 et
708 2489 41 32 de
778 2489 30 32 la
837 2490 125 32 France
989 2501 42 21 au
1060 2490 110 33 début
1196 2491 47 32 du
1272 2492 105 31 XVW
1412 2491 114 33 siècle.
1581 2492 96 32 Voilà
1714 2492 59 42 qui
1812 2498 50 27 est

143 2543 73 42 fait,
245 2555 45 22 ou
331 2556 155 32 presque.
542 2548 196 43 Regrouper
765 2548 125 33 l'Ecole
931 2549 178 43 Française
1148 2550 46 32 du
1236 2551 92 31 XIXe
1369 2550 115 42 siècle,
1527 2551 30 32 la
1598 2552 94 32 seule
1733 2552 128 44 grande

143 2602 93 34 école
264 2604 174 33 nationale
465 2605 60 33 des
551 2610 114 39 temps
693 2608 194 42 modernes,
917 2608 88 33 voici
1034 2619 37 22 ce
1099 2608 84 42 qu'il
1214 2613 85 29 reste
1327 2613 18 29 à
1372 2609 94 33 faire.
