2219 3468
397 339 87 43 1:1
742 343 144 51 PARIS,
923 344 157 43 MUSÉE
1112 346 239 44 NATIONAL
1384 363 60 29 DU
1478 350 184 44 LOUVRE

359 471 90 35 1958
574 473 285 43 Diepenbeeck,
887 474 197 35 Abraham
1111 486 76 25 van
1228 477 245 47 (1596-1675).
1504 501 41 3 —
1587 480 109 35 Clélie

765 542 139 36 passant
930 534 31 33 le
988 534 105 34 Tibre
1120 544 33 25 et
1186 547 207 25 emmenant
1419 550 83 23 avec
1540 541 65 33 elle
1643 553 54 22 ses

762 604 927 34 compagnes.
1747 603 145 35 XXXIV

358 650 91 35 1960
574 651 204 44 Duchâtel,
808 653 195 45 François.
1035 654 119 46 (1625,
1184 666 45 23 ou
1266 659 171 42 peut-être
1483 659 211 48 1616-1694,

763 723 45 22 ou
836 714 172 43 peut-être
1041 713 116 47 1679).
1259 716 147 35 Portrait
1434 718 83 34 d'un
1551 720 146 34 cavalier

764 780 33 25 et
824 772 43 33 de
894 773 92 33 deux
1013 782 114 25 autres
1155 786 533 36 personnages.
1746 782 99 34 XVII

357 829 89 35 1961
573 831 117 43 Dyck,
720 832 196 34 Anthonis
944 842 75 25 van
1063 832 250 49 (1599-1641).
1348 857 44 4 -
1422 838 45 33 La
1504 839 127 46 Vierge
1663 849 33 25 et

763 890 153 35 l'Enfant
944 904 83 22 avec
1054 893 49 34 les
1130 895 84 33 trois
1241 905 447 36 repentants.
1746 901 99 35 XVII

356 949 91 35 1962
620 971 41 3 —
717 951 44 33 La
790 951 128 46 Vierge
945 964 66 21 aux
1040 953 209 41 donateurs
1746 961 99 34 XVII

355 1009 91 35 1963
620 1031 40 3 —
716 1010 46 34 Le
790 1010 119 35 Christ
935 1012 119 45 pleuré
1075 1024 58 34 par
1156 1013 30 33 la
1213 1014 128 47 Vierge
1368 1025 33 25 et
1428 1028 59 34 par
1507 1018 49 34 les
1576 1030 119 34 anges.
1749 1020 100 35 XVII

355 1069 92 35 1964
619 1090 42 3 —
714 1070 97 34 Saint
838 1070 182 35 Sébastien
1047 1083 149 24 secouru
1222 1086 60 34 par
1308 1075 49 34 les
1383 1088 113 35 anges
1745 1080 47 34 VI
1819 1084 50 31 tr.
1898 1080 74 35 E-N

354 1129 91 35 1965
619 1130 48 34 —
667 1130 170 34 Vénus
864 1132 217 34 demandant
1115 1135 19 31 à
1173 1134 147 34 Vulcain
1359 1136 60 34 des
1456 1148 114 23 armes
1606 1150 88 34 pour

761 1190 926 42 Enée.
1842 1221 38 2 -

620 2100 85 31 1974
934 2097 84 27 VAN
1018 2097 106 27 DYCK

1298 2099 85 33 lgb5
1594 2097 68 29 VAN
1690 2099 94 28 DYCK

350 2159 90 35 1966
565 2161 133 44 Dyck,
698 2161 199 44 Anthonis
897 2161 90 44 van
998 2161 263 47 (i599-i64i).
1261 2161 40 47 —
1301 2161 164 47 Renaud
1482 2164 49 33 et
1531 2164 151 33 Armide.
1736 2163 100 35 XVII

350 2219 90 35 1967
615 2241 39 3 —
709 2220 149 34 Portrait
885 2222 42 32 de
956 2221 145 34 Charles
1129 2223 55 41 1er,
1214 2223 50 32 roi
1292 2221 344 46 d'Angleterre
1636 2221 79 46 VI
1715 2221 240 46 tr.--E-S

349 2279 91 34 1968
614 2301 40 3 —
710 2280 168 34 Portraits
905 2281 61 34 des
993 2281 138 34 enfants
1158 2282 43 33 de
1229 2281 146 34 Charles
1402 2282 55 41 Ier,
1487 2282 50 33 roi
1575 2282 110 33 d'An-

754 2340 160 45 gleterre.
971 2333 119 52 (École
1117 2340 82 43 de)
1830 2361 40 4 -

349 2398 91 35 1969
613 2420 39 2 —
709 2400 167 33 Portraits
903 2400 42 33 de
998 2400 284 43 Charles-Louis,
1311 2401 149 44 premier
1498 2401 45 32 du
1583 2411 99 31 nom,

755 2459 66 33 duc
842 2459 43 33 de
907 2459 155 40 Bavière,
1086 2468 31 25 et
1139 2460 42 33 de
1204 2460 130 33 Robert
1357 2460 60 45 (ou
1441 2458 156 46 Rupert),
1619 2470 64 22 son

752 2518 100 42 frère,
881 2519 77 33 créé
985 2519 76 44 plus
1089 2520 72 33 tard
1184 2520 65 32 duc
1284 2519 42 33 de
1355 2518 239 34 Cumberland
1623 2529 60 34 par

755 2577 146 34 Charles
928 2578 743 35 1er.
1826 2597 41 4 -

347 2636 91 34 1970
611 2657 40 3 —
707 2637 148 33 Portrait
882 2637 488 46 d'Isabelle-Claire-Eugénie
1391 2637 218 41 d'Autriche,
1633 2637 50 33 in-

706 2695 93 34 fante
825 2696 210 45 d'Espagne,
1063 2698 143 44 régente
1232 2697 61 33 des
1320 2696 112 45 Pays-
1432 2696 243 45 Bas.
1828 2716 44 4 -

346 2754 88 35 1971
607 2775 43 4 —
705 2755 148 33 Portrait
901 2756 159 44 équestre
1106 2756 43 33 de
1199 2756 162 42 François
1405 2755 43 34 de
1495 2755 185 42 Moncade,

753 2815 154 44 marquis
933 2814 181 43 d'Aitona,
1143 2815 261 44 généralissime
1442 2815 62 33 des
1540 2822 141 37 troupes

749 2873 208 46 espagnoles
983 2874 87 33 dans
1097 2874 48 33 les
1174 2874 186 45 Pays-Bas
1729 2872 98 34 XVII
