2257 3440
516 328 142 51 PARIS,
696 327 156 42 MUSÉE
884 327 239 42 NATIONAL
1158 339 59 29 DU
1251 326 185 42 LOUVRE
1690 323 79 44 141

149 458 91 35 2109
361 457 167 42 Rubens,
558 457 315 34 Petrus-Paulus.
902 454 248 46 (1577-1640).
1199 475 44 4 —
1272 456 141 32 Portrait
1439 456 42 32 de

552 516 102 32 Marie
680 517 42 32 de
749 515 155 41 Médicis,
935 526 82 22 sous
1043 516 49 31 les
1118 514 97 34 traits
1235 516 41 31 de
1304 515 31 32 la
1357 516 125 31 France

555 575 115 45 (Ecole
697 574 67 46 de)
1532 575 126 33 XXXV

149 635 91 35 2110
411 655 40 4 —
506 636 41 31 Le
574 634 173 44 triomphe
774 636 42 31 de
843 634 30 33 la
900 633 111 34 Vérité
1039 638 33 29 et
1107 634 50 32 les
1197 635 146 41 Parques
1382 634 100 33 filant

551 695 30 31 la
609 694 155 33 destinée
791 694 41 32 de
860 693 103 33 Marie
989 694 42 32 de
1059 693 157 42 Médicis;
1245 693 155 43 esquisse
1421 694 61 32 des

551 754 89 32 deux
667 753 255 44 compositions
948 753 42 32 de
1017 753 31 32 la
1077 753 131 33 Galerie
1246 754 47 31 du
1334 754 149 31 Luxem-

552 812 424 45 bourg
976 812 212 45 VI
1188 812 283 45 tr.
1471 812 285 45 E-S

148 873 88 34 2111
411 892 39 4 —
506 872 140 33 Portrait
672 873 46 32 du
747 874 105 31 baron
883 872 101 33 Henri
1013 873 41 31 de
1094 872 98 42 Vicq,
1234 874 248 31 ambassadeur

552 932 60 32 des
640 933 167 43 Pays-Bas
833 935 18 29 à
880 933 30 31 la
938 932 90 33 Cour
1055 932 41 32 de
1126 932 243 35 France
1369 932 104 35 VI
1473 932 139 35 tr.
1612 932 141 35 E-S

148 991 91 35 2112
408 1011 45 4 —
505 991 140 33 Portrait
689 991 134 33 d'Anne
869 991 213 37 d'Autriche,
1124 991 91 33 reine
1263 992 42 32 de
1343 993 136 32 France.

554 1051 240 44 (Faussement
820 1051 145 45 désigné
1005 1051 165 33 autrefois
1210 1062 81 22 sous
1330 1052 30 32 le
1400 1063 80 22 nom

551 1110 212 34 d'Elisabeth
790 1112 42 32 de
861 1112 137 40 France,
1028 1111 74 33 fille
1128 1111 42 32 de
1199 1111 101 33 Henri
1331 1110 89 46 IV)
1509 1110 67 46 VI
1576 1110 89 46 tr.
1665 1110 92 46 E-N

149 1169 91 35 2113
411 1189 40 3 —
506 1169 140 33 Portrait
671 1169 167 34 d'Hélène
867 1172 198 40 Fourment,
1105 1171 148 32 seconde
1281 1171 128 32 femme
1442 1172 41 32 de

553 1229 154 42 Rubens,
746 1241 82 22 avec
868 1241 60 22 son
969 1229 57 33 fils
1067 1230 161 43 François
1267 1235 32 28 et
1339 1241 34 22 sa
1414 1230 70 33 fille

551 1287 289 43 Claire-Jeanne.
840 1287 28 43 ,
925 1287 28 43 ,
981 1287 28 43 ,
1009 1287 28 43 ,
1253 1287 28 43 ,
1353 1287 28 43 ,
1424 1287 53 43 ,
1533 1289 59 35 VI
1592 1289 79 35 tr.
1671 1289 81 35 E-S

195 2077 21 32 2
216 2077 21 32 1
237 2077 45 32 13
536 2069 124 32 RUBENS

766 2075 90 35 2115
1659 2065 126 31 RUBENS

151 2136 92 34 2114
365 2137 168 43 Rubens,
557 2137 316 36 Petrus-Paulus.
904 2135 249 45 (1577-1640).
1185 2156 41 3 —
1275 2136 141 33 Portrait
1442 2136 42 32 de

556 2198 158 32 Suzanne
737 2198 198 39 Fourment,
959 2207 90 22 sœur
1070 2196 42 32 de
1133 2196 31 31 la
1187 2196 148 32 seconde
1357 2195 128 32 femme

555 2257 42 32 de
619 2258 121 32 Rubens.
800 2258 30 32 ,
921 2258 30 32 ,
1179 2258 30 32 ,
1315 2258 45 32 ,.
1360 2258 111 32 o.
1528 2254 60 35 VI
1588 2254 80 35 tr.
1668 2254 81 35 E-S

152 2313 92 35 2115
414 2335 40 3 —
508 2316 41 32 La
577 2317 898 31 kermesse,.,.,.,.,.
1532 2313 59 35 VI
1591 2313 79 35 tr.
1670 2313 81 35 E-S

152 2372 91 35 2116
414 2394 41 3 —
508 2375 150 33 Tournoi
687 2376 75 42 près
788 2376 60 31 des
875 2375 109 32 fossés
1010 2373 84 33 d'un
1122 2374 227 33 château.
1349 2374 125 33 O","
1531 2373 47 33 VI
1606 2376 48 31 tr.
1683 2373 68 35 E-S

154 2431 91 35 2117
416 2453 40 4 —
511 2435 41 31 Le
580 2445 152 34 paysage
759 2437 17 29 à
804 2432 482 35 l'oiseleur
1286 2432 131 35 VI
1417 2432 175 35 tr.
1592 2432 178 35 E-N

155 2490 91 35 2118
417 2512 40 3 —
511 2494 41 32 Le
580 2504 151 34 paysage
759 2496 17 29 à
805 2493 231 33 l'arc-en-ciel
1060 2497 32 28 et
1114 2504 42 20 au
1176 2494 125 43 joueur
1322 2492 41 32 de
1385 2492 101 32 flûte.
1540 2491 100 34 XVII

155 2549 90 35 2119
416 2570 42 5 -
511 2553 152 44 Paysage
690 2563 81 22 avec
799 2553 49 32 les
875 2552 116 33 ruines
1017 2552 47 32 du
1092 2553 97 31 Mont
1218 2551 264 34 Palatin.
1540 2551 126 33 XXXV

155 2608 92 34 2120
418 2630 41 3 —
512 2611 42 32 Le
581 2611 151 33 sacrifice
760 2611 650 33 d'Abraham.,.
1410 2611 75 33 o.
1542 2610 125 34 XXXV

151 2666 89 35 2121
414 2688 40 4 -
508 2670 407 34 MekhisëdecetAbraham
1542 2670 126 34 XXXV

157 2725 92 35 2122
417 2747 46 5 -
515 2728 208 34 L'élévation
752 2741 41 20 en
822 2729 457 33 croix
1279 2729 229 33 *
1536 2729 126 34 XXXV

155 2785 91 34 2123
418 2807 41 3 —
512 2788 42 31 Le
581 2793 278 28 couronnement
885 2789 41 32 de
954 2789 30 31 la
1012 2788 120 44 Vierge
1536 2788 126 35 XXXV

156 2843 91 36 2124
414 2866 46 4 -
512 2846 238 43 Philopœmen
785 2858 151 22 reconnu
972 2858 57 32 par
1057 2858 67 21 une
1151 2847 115 33 vieille
1294 2847 111 35 femme
1538 2848 126 34 XXXV
