2281 3455
570 343 142 51 PARIS,
755 343 156 42 MUSÉE
944 344 238 41 NATIONAL
1217 356 59 29 DU
1309 343 185 42 LOUVRE
1741 341 87 43 123

198 484 90 35 1730
409 485 167 42 Tristan,
606 485 101 34 Luis.
739 483 231 46 (1586-1640)
998 505 46 3 —
1070 484 98 33 Saint
1192 484 161 41 François
1372 483 156 34 d'Assise
1579 484 48 34 VI
1654 487 49 32 tr.
1733 484 69 35 D-S

194 543 35 34 S.
258 544 50 32 Nu
412 542 142 36 Valdès
583 544 99 42 Leal,
710 544 99 34 Juan
838 544 58 34 de.
922 542 242 47 (1622-1690).
1187 563 45 5 —
1254 543 273 44 L'Assomption

596 592 42 33 de
666 592 30 32 la
725 591 137 45 Vierge,
885 602 83 22 avec
994 591 97 34 Saint
1114 591 115 33 Pierre
1250 599 33 25 et
1304 591 97 33 Saint
1426 591 96 33 Paul.
1674 612 41 3 —

196 649 86 35 1731
407 650 223 44 Velasquez,
659 651 80 34 Don
767 650 356 45 Diego-Rodriguez
1146 651 46 34 de
1215 650 104 35 Silva
1340 660 35 35 y.
1406 649 122 46 (1599-

603 697 113 46 1660).
747 718 41 3 —
818 698 147 34 Portrait
991 698 43 33 de
1061 697 157 34 l'infante
1245 698 283 44 Marie-Margue-

596 746 75 42 rite,
700 745 68 34 fille
795 746 43 32 de
868 745 157 45 Philippe
1047 745 472 34 IV.
1674 766 41 3 —

194 804 90 35 1732
455 825 38 3 —
550 805 147 33 Portrait
724 816 43 22 en
795 805 77 45 pied
900 805 43 33 de
971 805 160 44 Philippe
1158 805 62 41 IV,
1249 805 50 33 roi
1327 804 198 45 d'Espagne

596 854 185 43 (peut-être
808 864 59 33 par
892 852 263 45 Juan-Bautista
1182 853 43 33 de
1252 851 115 47 Mazo)
1675 873 40 3 —

193 911 90 35 1733
451 931 46 4 -
549 912 147 33 Portrait
723 923 43 22 en
794 912 98 33 buste
919 912 43 33 de
991 912 158 44 Philippe
1177 911 48 34 IV
1672 932 45 4 —

193 971 90 35 1734
452 991 41 4 -
547 971 163 34 Réunion
738 972 42 33 de
807 972 103 33 treize
937 982 250 34 personnages,
1223 971 111 45 parmi
1374 970 150 46 lesquels

593 1029 47 24 on
667 1019 179 34 reconnait
872 1021 18 31 à
917 1019 134 45 gauche
1079 1019 194 45 Velasquez
1300 1028 34 24 et
1366 1018 154 34 Murillo.

595 1067 192 45 (Attribué)
1672 1087 41 3 —

194 1126 90 34 1735
453 1146 42 3 —
548 1126 147 34 Portrait
722 1127 42 33 de
792 1126 30 34 la
849 1126 95 34 reine
972 1126 545 35 Marie-Anne.
1672 1146 41 3 —

196 1185 89 35 1736
455 1206 40 4 —
551 1186 146 34 Portrait
723 1186 42 34 de
792 1188 103 44 jeune
923 1185 133 34 femme
1080 1187 185 45 (peut-être
1286 1197 59 33 par
1367 1185 156 34 Carreno

593 1234 42 33 de
663 1233 171 46 Miranda)
1670 1254 45 3 —

192 1293 89 35 1737
453 1314 40 3 —
550 1294 145 33 Portrait
727 1295 163 44 présumé
930 1294 42 33 de
1014 1294 70 33 don
1126 1294 113 33 Pedro
1275 1293 166 34 Moscoso
1480 1293 43 33 de

593 1353 181 43 Altamira,
803 1354 117 45 doyen
961 1354 42 33 de
1049 1353 30 34 la
1123 1353 157 45 chapelle
1325 1352 135 46 Royale
1504 1353 19 32 à

591 1413 147 42 Tolède,
767 1422 33 25 et
827 1414 76 45 plus
929 1414 73 34 tard
1030 1413 162 34 cardinal.
1249 1410 182 49 (Attribué)
1670 1433 41 3 —

227 2165 84 33 1734
805 2155 158 35 ATTRIBUÉ
992 2158 39 38 A
1031 2158 200 38 VELASQUEZ

1362 2167 44 32 173
1406 2167 33 32 1
1665 2158 191 38 VELASQUEZ

185 2237 33 33 S.
247 2238 51 33 N°
397 2239 290 42 Villavicencio,
717 2239 122 35 Pedro
868 2240 131 34 Nunez
1027 2240 58 34 de.
1108 2239 243 46 (1635-1700).
1382 2259 40 4 —
1453 2239 65 33 Les

589 2309 187 34 mangeurs
802 2299 43 33 de
873 2298 280 45 moules
1153 2298 240 45 Coll.
1393 2298 481 45 Schlichting

186 2357 89 35 1738
397 2358 209 42 Zurbaran,
617 2358 205 35 Francisco
837 2358 57 35 de.
907 2357 245 46 (1598-1664).
1169 2378 41 3 —
1224 2357 117 34 Saint
1341 2357 176 34 Bonaven-

586 2426 75 24 ture
689 2418 174 44 présidant
884 2429 48 22 un
953 2417 154 45 chapitre
1128 2417 61 33 des
1206 2417 306 34 Frères-Mineurs.
1567 2417 48 34 VI
1642 2421 49 31 tr.
1721 2417 69 35 D-S

186 2475 88 35 1739
445 2497 39 3 —
541 2476 210 34 Funérailles
777 2478 43 32 de
846 2477 97 34 Saint
973 2477 243 33 Bonaventure
1662 2497 41 3 —

186 2534 89 35 1740
446 2556 40 3 —
539 2535 117 34 Sainte
683 2536 825 45 Apolline.,
1663 2556 41 4 —

535 2751 274 42 Inconnus
844 2752 65 41 de
945 2739 192 55 l'École
1174 2752 309 54 Espagnole

182 2830 34 34 S.
247 2831 49 33 N°
402 2824 112 42 École
537 2832 222 43 Castillane,
782 2838 338 30 commencement
1141 2834 50 34 du
1212 2834 78 33 XVe
1312 2832 133 36 siècle.
1470 2854 41 3 —

588 2891 44 33 La
661 2892 152 33 Madone
839 2903 65 22 aux
933 2904 571 33 anges.
1562 2894 152 34 XXVIII
