2263 3458
532 344 142 51 PARIS,
710 343 156 42 MUSÉE
897 344 237 41 NATIONAL
1170 355 58 29 DU
1262 342 181 42 LOUVRE
1730 339 56 43 75

183 475 67 34 969
372 473 161 42 Voiriot,
558 472 225 35 Guillaume,
802 471 124 46 (1713-
926 471 124 46 1799).
1050 471 35 46 -
1085 471 180 46 Portrait
1286 472 46 33 du
1353 472 133 44 peintre

560 532 198 45 Jean-Marc
784 532 697 34 Nattier.
1537 531 125 34 XVI-S

182 594 64 34 971
370 593 136 41 Vouet,
535 591 141 35 Simon.
712 590 248 46 (1590-1649).
1003 612 45 4 —
1085 591 47 34 La
1168 591 236 45 présentation
1443 591 42 33 de

559 651 100 45 Jésus
685 662 43 21 au
755 650 727 46 temple.,.,.
1538 650 126 34 XIV-0
1716 646 10 4 -

182 712 67 34 972
421 731 38 4 —
513 710 45 33 La
587 710 136 45 Vierge,
750 709 155 34 l'Enfant
931 710 101 44 Jésus
1060 719 33 25 et
1128 711 89 33 saint
1243 711 240 44 Jean.
1539 710 67 34 XII

183 771 66 35 973
420 791 40 3 —
513 770 47 33 Le
587 769 117 34 Christ
731 780 43 22 en
801 769 679 34 croix
1537 770 132 33 XIV-N

183 831 66 35 975
311 847 7 18 ?
334 842 6 6 *
417 849 46 5 —
514 829 46 33 Le
587 828 117 34 Christ
730 840 43 22 au
800 829 142 34 tombeau
1536 828 126 35 XIV-0

182 891 66 35 976
418 909 41 3 —
513 888 146 34 Portrait
685 888 42 33 de
756 888 104 34 Louis
888 889 88 33 XIII
1462 889 32 34 S.
1524 889 177 34 Meubles
1728 888 117 34 XVIIe

400 1716 67 41 984
708 1716 181 31 WATTEAU

1099 1715 64 43 085
1409 1716 181 32 WATTEAU

327 2319 65 42 982
879 2322 181 32 WATTEAU

1324 2320 65 43 083
1512 2321 182 32 WATTEAU

187 2389 66 35 977
376 2390 135 42 Vouet,
539 2390 140 35 Simon.
710 2391 244 45 (1590-16191.
1009 2413 40 3 —
1104 2392 47 33 La
1184 2392 303 33 Richesse.,
1543 2391 125 35 XIV-S

186 2448 67 35 978
422 2470 42 3 —
518 2449 46 33 La
592 2429 68 56 Foi
1541 2450 124 35 XIV-S

187 2507 67 35 979
424 2529 42 4 —
519 2508 45 34 La
591 2509 166 42 Victoire,
786 2510 143 43 debout,
967 2519 121 25 tenant
1126 2522 70 22 une
1232 2521 182 23 couronne
1449 2511 43 32 de

564 2567 512 36 laurier.
1076 2567 51 36 ,
1542 2569 124 35 XIV-S

188 2626 66 35 980
424 2646 41 4 —
519 2626 910 46 L'Eloquence.,.
1429 2626 57 46 ,
1545 2630 60 33 I-E

189 2685 66 34 982
376 2685 197 43 Watteau,
588 2686 294 36 Jean-Antoine.
904 2688 244 45 (1684-1721).
1170 2709 47 4 —
1239 2689 254 45 L'Embarque-

567 2754 98 24 ment
691 2757 88 33 pour
805 2746 67 34 l'île
899 2748 43 33 de
969 2748 519 44 Cythère
1544 2750 131 33 XVI-N

188 2802 67 36 983
426 2823 41 4 —
519 2803 398 37 Gilles.
1307 2835 180 6 ,.
1544 2809 60 34 1-0

189 2862 68 34 984
426 2883 41 3 —
520 2862 645 38 L'Indifférent.
1165 2862 37 38 ,
1429 2862 59 38 ,
1545 2868 59 35 1-0
