2245 3464
523 357 148 51 PARIS,
708 357 162 42 MUSÉE
903 358 237 42 NATIONAL
1175 372 59 28 DU
1268 359 183 42 LOUVRE
1727 359 53 43 61

183 486 64 35 731
375 487 176 42 Poussin,
580 487 167 34 Nicolas.
778 487 242 45 11594-1665).
1053 509 16 2 -
1129 488 95 33 Echo
1252 497 32 25 et
1310 489 172 34 Narcisse.
1537 490 130 34 XIV-N

181 545 67 35 732
418 567 39 2 —
512 546 45 33 Le
585 546 174 45 triomphe
787 547 41 32 de
860 546 123 37 Flore
1538 550 130 33 XIV-N

181 604 66 36 733
418 626 39 2 -
512 605 45 34 Le
583 614 892 27 concert.
1535 608 123 35 XIV-S

180 664 68 35 734
416 685 44 3 —
514 665 62 33 Les
604 665 137 44 bergers
768 664 344 37 d'Arcadie.
1112 664 40 37 ,
1536 668 130 34 XIV-N

181 723 67 35 735
418 745 40 2 —
513 724 45 33 Le
585 724 131 44 Temps
744 725 160 32 soustrait
932 724 30 33 la
990 725 117 33 Vérité
1135 737 66 21 aux
1242 726 162 34 atteintes
1440 727 43 33 de

558 783 133 33 l'Envie
718 792 32 24 et
777 784 42 32 de
847 783 30 33 la
904 784 571 35 Discorde.
1535 786 124 35 XIV-S

180 841 67 35 736
418 863 40 2 —
512 844 40 31 Le
575 843 192 43 Printemps
793 855 44 21 ou
867 844 29 31 le
925 844 134 32 Paradis
1087 848 165 37 terrestre;
1283 856 192 34 paysage..
1534 846 131 34 XIV-N

180 900 66 35 737
414 921 45 4 —
511 892 94 43 L'Été
632 914 43 20 ou
705 903 91 32 Ruth
826 908 31 27 et
887 904 98 40 Booz;
1017 914 159 34 paysage
1536 906 130 34 XIV-N

180 959 67 35 738
416 981 45 3 —
513 961 209 33 L'Automne
750 973 43 21 ou
824 963 28 31 la
891 973 126 33 grappe
1054 963 42 32 de
1136 964 29 31 la
1194 964 98 32 Terre
1320 964 162 43 promise;

559 1032 917 32 paysage.
1536 1024 123 35 XIV-S

180 1078 67 35 739
415 1099 44 4 —
512 1080 137 32 L'Hiver
675 1092 44 21 ou
750 1082 27 30 le
807 1081 145 44 Déluge;
984 1092 163 33 paysage
1533 1083 124 35 XIV-S

180 1137 67 35 740
416 1159 43 3 —
511 1140 134 42 Orphée
673 1145 31 27 et
734 1140 179 43 Eurydice;
946 1151 163 34 paysage
1536 1143 123 35 XIV-S

180 1196 64 35 741
416 1218 40 3 —
510 1198 153 45 Diogène
690 1201 110 43 jetant
828 1211 60 21 son
918 1200 143 36 écuelIe;
1092 1211 384 34 paysage.
1534 1203 132 34 XIV-N

180 1256 66 34 742
416 1277 41 3 —
509 1259 147 42 Apollon
685 1270 186 22 amoureux
898 1260 41 32 de
967 1260 513 42 Daphné.,
1539 1262 123 35 XIV-S

181 1315 66 35 743
417 1337 40 3 —
511 1318 138 33 Portrait
676 1319 40 31 de
745 1318 139 33 l'artiste
913 1330 57 32 par
997 1319 480 35 lui-mème.,.,
1536 1321 124 35 XIV-S

156 1375 33 33 S.
219 1375 50 33 N"
413 1396 46 4 —
511 1376 238 44 L'inspiration
778 1379 45 31 du
853 1380 110 41 poète.
996 1378 231 45 (Reproduit)
1538 1381 130 34 XIV-N

156 1434 48 33 S.
204 1434 65 33 N"
415 1455 42 4 —
510 1436 130 33 Achille
668 1441 16 28 à
713 1438 318 43 Scyros.,
1031 1438 446 43 .,
1536 1441 133 34 XIV-N

156 1493 48 33 S.
204 1493 65 33 X"
416 1515 37 3 —
512 1496 59 31 Les
599 1496 319 46 funérailles
918 1496 79 46 de
997 1496 239 46 Phocion;
1236 1496 241 46 paysage
1536 1500 131 34 XIV-N

342 2334 64 36 75')
643 2329 199 34 PRUD'HON

1153 2341 62 36 751
1438 2333 203 34 PRUD'HON

183 2395 67 35 744
372 2398 202 43 Prud'hon,
604 2400 143 35 Pierre.
778 2402 246 43 117^8-182-,).
1056 2423 40 3 -
1137 2404 40 31 Le
1214 2404 114 33 Christ
1364 2416 56 21 sur
1456 2405 31 32 la

559 2460 923 38 croix
1540 2465 132 33 XVI-N

183 2513 66 35 745
419 2537 39 3 —
513 2519 40 31 Le
580 2519 114 33 Christ
722 2531 55 21 sur
805 2521 29 31 la
862 2520 103 36 croix;
995 2521 155 42 esquisse
1178 2522 46 33 du
1247 2523 137 32 tableau
1414 2524 73 43 pré-

560 2579 122 32 cédent
1539 2583 131 34 XVI-N

183 2631 66 35 746
419 2656 39 2 —
513 2635 267 49 L'Assomption
780 2635 61 49 de
841 2635 61 49 la
902 2635 143 49 Viergc
1045 2635 61 49 .,
1538 2643 126 34 XVI-E

184 2690 66 34 747
419 2714 44 3 —
515 2696 40 30 La
580 2696 127 40 Justice
736 2702 31 27 et
796 2699 28 30 la
864 2699 206 44 Vengeance
1106 2699 117 33 divine
1260 2701 228 42 poursuivant

561 2753 30 34 le
618 2755 859 40 Crime.
1537 2762 130 33 XVI-N

185 2808 67 35 750
423 2832 38 3 —
517 2803 209 52 [-'Fttide
1540 2821 126 34 XVI-E

188 2867 63 34 751
423 2890 43 4 —
518 2872 139 33 Portrait
685 2874 41 31 de
755 2874 238 43 l'impératrice
1016 2876 464 43 Joséphine.
1539 2880 130 34 XVI-N
