2281 3476
666 846 452 72 QUELQUES
1178 844 234 62 MOTS

984 966 111 44 SUR

329 1060 583 83 L'HISTORIQUE
972 1080 74 42 ET
1093 1080 70 42 LE
1224 1058 536 64 CLASSEMENT

969 1182 127 44 DES

744 1268 602 87 COLLECTIONS.

926 1406 29 14 —
955 1406 29 14 ■
984 1406 176 14 ■^vWUVVA'v-

331 1505 46 33 Ce
403 1504 191 45 Catalogue
615 1504 88 33 n'est
724 1504 130 42 qu'une
875 1505 77 33 liste
975 1504 184 34 sommaire
1185 1505 61 33 des
1273 1504 177 43 peintures
1470 1505 250 32 actuellement
1740 1504 163 43 exposées

188 1574 43 23 au
259 1564 118 33 Musée
403 1564 46 32 du
479 1565 141 32 Louvre.
664 1564 85 33 Mais
777 1565 48 31 les
848 1564 299 45 renseignements
1168 1564 84 42 qu'il
1284 1565 116 32 donne
1432 1568 64 29 ont
1529 1563 53 34 été
1615 1564 288 44 soigneusement

188 1623 153 35 vérifiés:
364 1624 97 33 dates
489 1624 41 32 de
557 1624 180 32 naissance
765 1627 32 29 et
824 1625 42 31 de
893 1628 90 29 mort
1009 1624 60 33 des
1097 1624 147 42 artistes,
1274 1624 95 33 titres
1396 1624 61 32 des
1477 1624 174 42 tableaux,
1676 1623 164 34 numéros
1861 1624 41 32 de

189 1683 81 33 salle
300 1683 187 45 désignant
513 1684 90 32 leurs
631 1684 272 42 emplacements
930 1684 144 33 actuels.
1117 1685 183 42 Beaucoup
1321 1684 60 32 des
1402 1683 238 42 attributions,
1664 1694 68 31 que
1765 1687 138 39 portent

188 1753 121 23 encore
330 1743 48 32 les
405 1743 121 33 cartels
552 1743 114 42 placés
693 1754 56 21 sur
776 1743 49 32 les
852 1744 116 32 cadres
995 1744 46 32 du
1070 1743 131 42 Musée,
1230 1747 63 29 ont
1320 1743 53 33 été
1400 1743 187 45 changées,
1624 1747 33 29 et
1678 1742 79 34 l'on
1779 1754 18 21 a
1817 1746 84 30 tenu

188 1805 137 40 compte
347 1805 17 29 à
392 1813 36 22 ce
450 1804 102 44 sujet,
577 1803 80 32 sauf
673 1802 168 34 omission
863 1805 159 44 toujours
1043 1803 166 43 possible,
1233 1803 41 32 de
1291 1807 81 29 tous
1392 1803 50 32 les
1462 1807 143 29 travaux
1623 1802 208 44 importants
1861 1803 41 32 de

188 1862 32 32 la
249 1861 143 43 critique
420 1862 294 43 contemporaine.
768 1863 43 31 La
847 1862 254 34 Conservation
1123 1863 61 32 des
1210 1863 177 43 peintures
1413 1863 139 43 prépare
1579 1863 249 33 actuellement
1855 1874 46 21 un

188 1920 188 46 Catalogue
404 1921 79 43 plus
510 1921 150 42 détaillé,
703 1921 72 43 qui,
818 1933 80 28 sans
931 1923 67 32 être
1025 1923 196 42 cependant
1248 1933 121 23 encore
1395 1923 31 32 le
1453 1923 192 44 Catalogue
1657 1922 245 51 scientifique

188 1980 180 42 désirable,
393 1992 41 21 ne
456 1991 119 33 pourra
599 1980 141 43 paraitre
761 1980 104 43 qu'en
886 1982 84 33 trois
990 1983 173 41 volumes;
1186 1983 30 31 le
1238 1982 145 43 premier
1404 1983 87 41 seul,
1515 1981 162 34 consacré
1697 1992 67 22 aux
1784 1982 119 33 Ecoles

188 2039 46 33 du
262 2040 103 42 Nord,
396 2045 51 28 est
473 2050 40 22 en
541 2045 114 28 vente.
710 2042 102 32 Etant
839 2041 116 33 donné
981 2042 31 31 le
1040 2043 144 32 nombre
1213 2042 170 32 immense
1419 2043 61 31 des
1506 2039 163 36 tableaux
1695 2045 209 40 composant

188 2099 223 46 aujourd'hui
440 2100 30 32 la
498 2099 184 34 collection
710 2101 47 32 du
786 2101 142 39 Louvre,
964 2112 115 22 aucun
1117 2102 191 44 Catalogue
1345 2101 160 33 raisonné
1541 2112 42 21 ne
1608 2105 85 39 peut
1728 2102 92 42 plus,
1859 2113 41 20 en

189 2159 90 41 effet,
309 2159 67 33 être
402 2159 97 32 offert
525 2168 42 23 au
604 2159 119 43 public
750 2170 81 23 sous
858 2160 31 32 la
915 2161 109 32 forme
1045 2160 83 33 d'un
1152 2161 72 32 seul
1246 2162 142 32 volume
1410 2161 186 33 maniable.
1636 2161 96 33 Nous
1753 2171 148 34 croyons

188 2218 91 33 donc
304 2228 67 31 que
398 2222 87 29 cette
514 2218 123 43 simple
664 2219 89 42 liste,
783 2220 133 32 dressée
943 2231 83 22 avec
1053 2220 194 33 exactitude
1274 2224 33 29 et
1333 2221 279 33 abondamment
1627 2220 179 43 -illustrée,
1831 2231 71 22 sera

189 2277 283 33 non-seulement
499 2278 29 31 le
557 2278 103 44 guide
688 2279 30 31 le
745 2280 79 41 plus
853 2279 56 33 sûr
935 2290 86 32 pour
1047 2279 30 33 le
1104 2280 156 42 visiteur,
1291 2280 88 32 mais
1406 2291 122 22 encore
1555 2280 30 32 le
1613 2280 158 32 meilleur
1803 2280 99 43 point

187 2336 43 32 de
258 2336 119 43 départ
403 2347 85 32 pour
515 2336 29 33 le
580 2338 209 38 travailleur,
829 2339 96 42 après
962 2340 30 31 le
1027 2340 305 32 bouleversement
1368 2350 67 31 que
1472 2340 31 32 la
1539 2339 153 33 dernière
1729 2351 119 33 guerre
1884 2350 17 22 a

189 2395 102 33 causé
318 2396 86 32 dans
431 2395 195 35 l'existence
654 2398 45 31 du
730 2398 128 32 Musée.-

332 2467 22 31 Il
376 2472 52 28 est
448 2466 121 34 inutile
591 2469 41 31 de
653 2469 131 32 donner
806 2469 40 32 ici
870 2480 66 22 une
953 2470 254 45 Bibliographie
1228 2471 60 32 des
1309 2470 142 33 anciens
1472 2471 200 44 catalogues
1693 2471 47 32 du
1756 2472 143 40 Louvre,

189 2525 58 42 qui
277 2536 41 21 ne
346 2537 33 21 se
406 2530 162 30 trouvent
596 2528 78 42 plus
701 2528 86 32 dans
814 2530 30 30 le
872 2540 205 22 commerce.
1117 2530 96 32 Nous
1239 2541 198 32 renvoyons
1464 2531 30 31 le
1515 2531 141 41 lecteur,
1680 2530 156 33 désireux
1860 2531 41 32 de

190 2583 188 34 s'instruire
405 2596 55 22 sur
481 2596 36 22 ce
539 2586 165 44 chapitre,
734 2591 16 28 à
778 2587 177 46 l'ouvrage
982 2589 41 32 de
1045 2590 45 31 M.
1110 2589 28 41 J.
1158 2590 29 40 J.
1212 2591 169 37 MARQUET
1403 2600 37 22 DE
1464 2590 189 32 VASSELOT:
1697 2590 206 45 7Répertoire

189 2643 57 32 des
273 2644 205 42 Catalogues
503 2645 45 32 du
574 2646 130 32 Wiisée
730 2647 46 31 dit
804 2649 140 39 Louvre,
976 2648 162 32 Hachette
1160 2648 36 33 &
1219 2649 85 41 Cie.,
1341 2658 36 33 19
1389 2658 50 32 17,
1464 2648 33 32 in
1527 2648 49 32 18.
1601 2668 42 5 —
1666 2649 236 33 Contentons-

192 2712 88 22 nous
305 2702 196 42 d'indiquer
528 2704 30 32 la
584 2705 134 40 {]I(otice
743 2706 57 32 des
828 2707 162 32 tableaux
1021 2707 137 42 exposés
1192 2708 88 32 dans
1306 2710 47 30 les
1387 2709 146 41 galeries
1568 2709 46 32 du
1651 2708 147 41 {Musée
1798 2708 105 41 OVa-

191 2760 112 32 tional
328 2761 47 32 du
400 2762 141 36 Louvre,
573 2774 57 32 par
657 2763 155 36 FRÉDÉRIC
840 2767 131 31 VILLOT.
1001 2786 46 3 —
1080 2775 44 22 Ire
1146 2768 137 40 partie,
1283 2768 138 40 Ecoles
1440 2768 150 40 d'Italie,
1626 2768 99 43 1849,
1753 2767 148 39 rééditée

187 2819 164 46 jusqu'en
386 2820 97 42 1876.
508 2841 44 4 —
576 2831 34 22 2e
634 2822 124 42 partie,
789 2826 115 31 Ecoles
936 2826 207 35 allemande,
1160 2826 160 41 flamande
1320 2826 72 41 et
1413 2827 229 42 hollandaise,
1672 2824 99 47 1852,
1795 2827 109 33 réédi-

191 2878 51 33 tée
266 2879 164 45 jusqu'en
466 2882 97 41 1899.
598 2902 45 4 —
669 2891 38 34 oie
728 2885 126 40 partie.
885 2885 100 31 Ecole
1002 2886 195 42 frauçaise,
1233 2885 97 44 1865,
1361 2885 146 34 rééditée
1530 2886 167 45 jusqu'en
1731 2886 98 43 1890.
1857 2906 42 4 —
