2260 3467
542 337 142 50 PARIS,
723 335 156 42 MUSÉE
911 334 237 42 NATIONAL
1182 344 58 29 DU
1276 331 184 41 LOUVRE
1709 324 80 44 131

170 469 89 36 1952
382 467 98 34 Cocx
501 477 45 22 ou
570 465 159 44 Coques,
753 461 194 37 Gonzalès.
974 459 244 48 (1618-1684).
1245 480 37 4 —
1306 458 52 34 La
1358 458 139 34 famille
1497 458 36 34 -

620 535 64 22 van
714 523 777 45 Eyck.
1549 517 80 33 XXI

169 588 90 34 1952
287 589 18 31 b
381 586 106 34 Colin
515 585 46 34 de
590 584 125 34 Coter.
746 582 26 34 1
772 582 107 34 milieu
901 582 46 32 du
969 580 82 33 XVe
1072 579 82 34 siècle
1154 579 47 34 1.
1225 599 43 3 —
1295 578 44 33 La
1365 577 135 34 Trinité

573 644 143 44 (Centre
742 643 43 32 de
812 639 188 46 triptyque)
1550 636 113 33 XXIX

172 706 89 36 1952
288 719 16 20 c
429 725 45 4 -
527 703 63 34 Les
617 702 83 34 trois
722 701 125 33 Maries
867 712 44 21 en
932 700 115 44 pleurs
1070 698 26 42 (
1096 698 93 42 Volet
1209 697 91 34 droit
1320 697 84 32 d'un
1422 696 80 45 trip-

571 761 132 47 tyque).
703 761 33 47 -
736 761 116 47 Revers
852 761 51 47 :
927 759 118 34 Sainte
1068 758 107 33 Barbe
1190 765 33 26 et
1244 757 48 33 les
1306 767 115 22 armes
1441 756 61 33 des

571 820 920 35 d'Averhoult.,
1550 814 113 34 XXIX

172 885 89 34 1952
288 897 16 19 e
385 883 185 41 Cossiers,
598 882 83 34 Jan.
713 878 245 45 11600-1671).
990 898 40 3 —
1065 877 62 33 Les
1154 876 342 33 fumeurs.
1555 874 99 34 XVII

171 944 91 35 2340
386 941 250 42 Craesbeeck,
636 941 104 42 Joos
740 941 105 42 van
868 945 91 37 (vers
988 937 201 44 1605-entre
1216 935 83 44 1651
1325 943 32 25 et
1384 933 115 41 1661).

577 1022 41 3 —
647 1001 58 34 Un
734 1000 132 44 peintre
894 998 165 45 peignant
1080 996 31 33 le
1132 996 142 44 portrait
1294 994 83 33 d'un
1401 994 102 45 jeune

575 1061 921 44 seigneur.
1555 1053 117 34 XXIV

350 2040 81 36 19(17
746 2034 84 32 VAN
830 2034 106 32 DYCK

1206 2035 81 44 1983
1445 2036 85 32 VAN
1530 2036 107 32 DYCK

183 2140 89 36 1953
395 2139 153 45 Crayer,
577 2139 144 43 Gaspar
749 2140 46 34 de
837 2140 247 45 (1584-1669).
1131 2162 42 3 —
1213 2142 97 33 Saint
1338 2142 177 44 Augustin

584 2209 44 23 en
655 2207 850 28 extase.
1563 2200 100 34 XVII

184 2259 89 35 1953
299 2271 18 20 J
442 2278 41 4 —
538 2257 45 34 Le
620 2258 116 34 Christ
763 2270 44 22 en
846 2260 95 33 croix
982 2268 97 25 entre
1119 2260 110 34 sainte
1257 2260 197 33 Madeleine
1482 2268 33 25 et

585 2317 89 34 saint
704 2318 803 42 François.
1566 2319 150 34 XXXVI

185 2378 89 34 1957
398 2377 129 42 David,
556 2377 155 35 Gérard,
742 2389 91 34 (vers
874 2377 227 46 1460-1523).
1141 2399 42 3 —
1226 2378 63 34 Les
1329 2389 107 23 noces
1474 2378 43 34 de

587 2436 923 36 Cana.,.
1568 2438 93 33 XXX

185 2496 91 34 2202
304 2497 17 32 b
443 2516 40 4 -
536 2495 215 47 Triptyque:
782 2497 46 33 La
850 2497 128 45 Vierge
999 2506 33 25 et
1054 2497 150 34 l'Enfant
1225 2497 113 45 Jésus,
1361 2497 31 34 le
1413 2498 108 33 dona-

587 2564 76 25 teur
688 2556 64 44 Jan
780 2557 42 33 de
849 2556 141 34 Sedano
1017 2565 33 25 et
1077 2567 64 23 son
1169 2556 54 34 fils
1255 2567 83 23 sous
1374 2556 30 34 la
1441 2568 77 34 pro-

589 2615 128 33 tection
745 2616 43 33 de
816 2616 88 33 saint
931 2615 271 45 Jean-Baptiste,
1236 2615 31 34 la
1304 2615 133 34 femme
1472 2616 47 33 du

588 2674 171 33 donateur
785 2676 259 44 accompagnée
1071 2675 43 33 de
1153 2675 89 33 saint
1279 2674 243 45 Jean-l'Evan-

592 2733 134 45 géliste.
756 2753 41 4 —
828 2734 138 34 Revers
966 2734 39 34 :
1005 2734 120 34 Adam
1153 2743 33 24 et
1214 2734 71 34 Eve
1572 2736 115 33 XXIX
1738 2757 6 7 -

189 2791 34 33 S.
253 2791 51 33 N°
451 2812 41 4 -
546 2792 90 33 Dieu
664 2792 31 34 le
722 2794 78 43 père
828 2793 178 33 bénissant
1035 2793 29 45 (
1064 2793 134 45 Lunette
1220 2794 199 45 supérieure
1440 2794 80 33 d'un

590 2851 258 46 polyptyque)
1575 2855 93 33 XXX
