2267 3473
1245 339 40 42 x

402 469 43 31 Le
472 469 106 32 Sacre
603 469 41 31 de
670 469 181 42 Napoléon
878 470 16 32 1
920 470 41 32 de
990 470 122 37 David,
1143 471 30 31 la
1201 472 98 31 Prise
1324 471 41 32 de
1393 472 290 41 COllstalltillople
1709 472 41 32 de
1791 473 175 34 Delacroix
1998 474 131 42 quittè-

402 533 74 28 rent
503 528 182 33 Versailles
713 540 86 32 pour
827 530 29 31 le
886 530 143 40 Louvre;
1060 529 151 34 d'autres
1239 531 188 41 Delacroix,
1451 531 61 32 des
1541 532 127 44 Ingres,
1692 532 60 32 des
1774 532 114 36 Corot,
1915 534 60 31 des
2003 534 121 42 Millet,

402 588 61 33 des
490 588 152 33 Courbet
669 588 138 33 vinrent
834 589 47 32 du
910 589 119 32 Musée
1057 590 46 32 du
1134 591 244 44 Luxembourg
1403 601 45 22 ou
1490 590 113 33 furent
1643 591 120 41 acquis
1791 603 65 31 peu
1890 596 17 28 à
1945 604 78 31 peu.
2077 593 50 33 Si-

402 648 162 44 gnalons,
590 648 108 43 parmi
721 649 49 31 les
791 648 151 33 derniers
964 649 320 42 enrichissements,
1309 650 151 32 diverses
1481 650 101 33 toiles
1603 651 40 32 de
1665 651 217 42 Chasseriau,
1903 652 161 33 l'Atelier
2084 653 42 32 de

402 708 164 42 Courbet,
609 709 31 31 la
679 710 97 31 Mort
814 708 42 32 de
894 709 246 42 Sardanapale
1180 710 41 31 de
1257 709 187 42 Delacroix,
1487 714 32 29 et
1559 711 48 31 les
1647 710 217 33 Funérailles
1902 712 42 31 de
1977 712 148 33 Pbocion

403 778 58 32 par
488 767 138 34 Nicolas
655 768 159 33 Poussin.

1251 846 18 21 *

1212 883 18 21 *
1289 883 19 21 *

547 961 212 32 Classement
785 961 57 32 des
869 962 212 31 collections.
1112 981 45 3 —
1190 962 54 31 On
1273 966 51 28 est
1363 972 161 22 convenu
1564 962 42 31 de
1645 961 70 33 dire
1755 972 67 31 que
1862 962 29 32 le
1931 961 108 44 palais
2077 963 46 32 du

400 1021 131 32 Louvre
559 1032 34 21 se
622 1021 92 42 prête
744 1021 69 32 mal
813 1021 70 32 au
912 1021 210 33 classement
1149 1021 61 32 des
1237 1021 217 33 collections.
1511 1022 40 32 La
1586 1021 250 33 Conservation
1878 1022 147 32 actuelle
2065 1022 60 32 des

399 1080 179 33 Peintures
618 1080 78 32 n'en
733 1082 86 44 juge
859 1091 61 33 pas
959 1080 101 33 ainsi.
1115 1081 127 41 Certes,
1287 1092 45 21 un
1373 1082 160 31 Muséum
1576 1080 86 33 idéal
1710 1081 99 33 serait
1850 1092 67 21 une
1956 1085 88 29 sorte
2082 1082 42 32 de

398 1139 143 43 damier,
570 1140 227 42 d'échiquier,
827 1140 59 42 où,
917 1151 58 32 par
1002 1141 168 42 exemple,
1200 1152 41 20 en
1271 1141 181 32 marchant
1479 1141 46 32 du
1562 1141 91 32 Nord
1689 1151 42 21 au
1772 1141 83 41 Sud,
1896 1151 45 22 on
1982 1140 142 34 suivrait

398 1199 207 34 l'évolution
634 1200 41 33 de
703 1200 136 41 chaque
868 1200 94 33 école
989 1201 42 32 de
1059 1200 171 43 peinture,
1259 1200 117 33 tandis
1409 1200 104 41 qu'en
1542 1200 107 33 allant
1677 1200 41 32 de
1746 1199 134 34 l'Ouest
1907 1203 18 29 à
1952 1200 96 42 l'Est,
2077 1211 44 22 on

397 1260 174 43 prendrait
600 1271 67 21 une
694 1271 67 21 vue
790 1259 228 44 synthétique
1046 1260 42 32 de
1115 1259 76 34 l'art
1217 1263 18 29 à
1264 1271 46 21 un
1338 1259 128 33 certain
1496 1264 157 28 moment
1674 1260 87 32 dans
1797 1260 48 32 les
1877 1259 112 33 divers
2022 1270 98 33 pays.

397 1320 86 32 Mais
510 1319 46 34 où
585 1324 63 39 put
676 1320 68 33 être
768 1319 128 46 jamais
915 1319 119 33 réalisé
1062 1331 37 21 ce
1128 1320 80 42 plan
1236 1319 207 42 théorique?
1464 1320 40 32 Le
1525 1330 159 22 nouveau
1711 1320 209 32 classement
1940 1319 61 32 des
2028 1318 96 44 pein-

395 1384 106 37 tures,
532 1379 141 34 exécuté
701 1390 42 22 au
773 1380 130 32 Louvre
931 1379 125 43 depuis
1083 1380 31 31 la
1142 1379 48 33 fin
1218 1379 41 32 de
1287 1380 31 31 la
1343 1379 135 33 Grande
1500 1379 137 42 Guerre,
1664 1390 42 21 ne
1734 1382 95 39 peut.
1855 1378 19 32 il
1904 1383 50 29 est
1981 1378 82 34 vrai.
2089 1390 34 21 se

395 1440 240 43 comprendre,
660 1449 68 32 que
750 1439 26 32 si
798 1449 45 23 on
866 1440 30 31 le
918 1439 179 33 considère
1125 1450 137 22 comme
1286 1450 66 21 une
1374 1449 135 22 amorce
1530 1442 17 29 à
1570 1439 60 32 des
1651 1438 302 33 transformations
1974 1438 145 33 futures.

396 1499 100 41 Mais,
527 1500 139 41 lorsque
694 1510 56 21 ces
778 1499 256 44 changements
1062 1510 95 21 assez
1185 1498 143 43 simples
1357 1503 123 28 auront
1509 1510 44 31 pu
1592 1499 67 32 être
1699 1498 91 41 faits,
1833 1498 49 32 les
1920 1497 203 33 collections

396 1571 35 21 se
469 1559 239 43 présenteront
748 1559 68 33 très
856 1558 243 45 logiquement
1136 1558 73 33 ainsi
1209 1558 38 33 :
1290 1558 125 33 l'Ecole
1454 1558 178 41 Italienne,
1671 1561 146 39 prenant
1853 1568 34 21 sa
1925 1568 118 22 source
2078 1568 42 21 au

396 1619 85 33 fond
509 1619 42 32 de
579 1619 31 32 la
637 1619 89 32 Salle
754 1619 70 42 VII,
855 1629 34 22 se
916 1618 229 43 développera
1183 1619 88 31 dans
1311 1618 30 32 la
1381 1618 135 32 Grande
1556 1617 131 33 Galerie
1725 1617 47 32 du
1814 1617 83 33 bord
1937 1617 41 32 de
2018 1616 100 33 l'eau.

397 1678 138 34 L'Ecole
562 1678 256 42 Néerlandaise,
849 1682 137 39 partant
1013 1679 42 31 de
1083 1678 121 33 l'autre
1232 1679 86 31 bout
1347 1678 45 32 du
1422 1677 131 39 Musée,
1584 1677 182 43 peut-être,
1797 1676 163 43 espérons
1996 1676 43 41 le,
2077 1686 42 22 au

395 1739 77 33 delà
500 1739 41 32 de
570 1738 283 43 l'emplacement
880 1738 113 33 actuel
1022 1738 41 32 de
1091 1739 30 31 la
1153 1737 184 33 collection
1376 1736 233 45 Schlichting,
1648 1736 141 33 viendra
1826 1739 17 29 à
1880 1736 31 32 la
1943 1739 178 29 rencontre

393 1800 47 31 du
481 1799 114 32 fleuve
637 1798 132 33 Italien.
817 1800 26 30 A
883 1798 72 32 leur
984 1798 99 42 point
1110 1798 41 32 de
1188 1801 151 31 contact,
1384 1798 157 43 (Rubens
1577 1796 178 33 voisinant
1782 1795 100 42 ainsi,
1909 1797 208 44 justement,

392 1869 84 22 avec
504 1859 49 31 les
581 1858 127 44 grands
736 1857 139 33 maîtres
902 1858 46 32 du
978 1859 156 31 Seicento
1163 1861 31 29 et
1222 1867 81 22 avec
1332 1857 48 31 les
1409 1853 141 47 Hispano
1550 1853 35 47 -
1585 1853 249 47 Napolitains)
1873 1854 121 43 naitra,
2033 1854 87 33 dans

396 1919 31 31 la
455 1918 83 32 salle
568 1919 54 40 IX,
653 1918 30 32 le
713 1918 107 31 XVIIe
850 1917 102 32 siècle
980 1917 160 43 français,
1170 1916 58 42 qui
1269 1921 68 28 sort
1373 1916 94 35 bien,
1507 1927 40 21 en
1586 1916 90 40 effet,
1717 1914 304 42 historiquement,
2059 1914 61 32 des

396 1977 180 42 Romains,
606 1977 61 32 des
696 1976 172 42 Bolonais,
899 1977 60 32 des
998 1976 194 37 Vénitiens,
1223 1977 41 31 de
1293 1976 243 44 Michel-Ange
1563 1975 41 32 de
1631 1975 174 44 Caravage
1832 1978 32 29 et
1892 1974 41 32 de
1962 1974 153 32 Rubens.

537 2039 79 40 Que
647 2036 158 33 reste-t-il
834 2040 17 28 à
880 2036 81 33 faire
1000 2047 84 32 pour
1131 2047 67 30 que
1245 2047 37 21 ce
1329 2036 78 42 plan
1456 2034 65 33 soit
1568 2034 145 33 réalisé?
1765 2033 97 33 Trois
1900 2032 215 44 opérations:

402 2102 13 26 1
415 2102 20 26 °
457 2097 155 42 Grouper
633 2107 42 22 au
705 2096 129 33 second
862 2096 98 44 étage
988 2096 46 32 du
1064 2095 130 41 Musée,
1224 2098 18 29 à
1270 2096 30 31 la
1329 2094 89 33 suite
1446 2095 60 31 des
1528 2093 143 45 Anglais
1692 2094 41 31 de
1756 2094 29 31 la
1808 2092 46 33 fin
1876 2093 46 32 du
1947 2093 118 31 XVIIIe
2086 2096 31 28 et

394 2157 47 32 du
464 2160 306 29 commencement
797 2156 47 32 du
873 2156 94 32 XIXe
1000 2155 133 40 siècles,
1157 2159 117 29 toutes
1301 2155 48 31 les
1377 2154 175 42 peintures
1580 2153 197 43 françaises,
1801 2153 41 31 de
1870 2152 84 43 1830
1975 2150 141 34 environ

387 2215 143 47 jusqu'à
559 2226 63 22 nos
648 2217 109 44 jours,
788 2214 74 42 qui,
892 2215 261 36 actuellement,
1197 2225 34 21 se
1271 2218 162 28 trouvent
1473 2212 191 43 dispersées
1703 2212 87 32 dans
1829 2212 48 32 les
1919 2211 101 32 salles
2057 2210 60 33 des

389 2275 207 33 collections
623 2273 303 45 Thomy-Thiéry,
957 2274 206 32 Chauchard
1191 2278 32 28 et
1251 2273 194 36 Camondo,
1476 2273 87 31 dans
1591 2272 30 32 la
1649 2272 87 32 Salle
1772 2272 83 33 VIII,
1886 2274 32 29 et
1945 2270 87 32 dans
2068 2270 49 32 les

389 2335 109 32 Salles
525 2334 90 33 dites
642 2335 41 31 de
712 2334 126 32 l'Ecole
866 2333 168 44 française
1061 2334 45 32 du
1137 2334 92 31 XIXe
1264 2332 101 33 siècle
1402 2343 42 21 au
1480 2331 144 43 premier
1663 2336 32 27 et
1735 2341 41 21 au
1818 2330 127 32 second
1984 2329 129 44 étages.

392 2394 45 33 Ce
467 2395 247 32 reclassement
741 2393 137 43 dépend
907 2393 233 42 uniquement
1168 2393 46 31 du
1243 2392 118 42 départ
1388 2392 46 32 du
1464 2391 117 32 Musée
1608 2391 41 32 de
1690 2391 29 31 la
1760 2389 140 41 Marine,
1942 2388 84 42 qu'il
2066 2391 50 30 est

391 2453 128 44 permis
546 2453 231 44 d'envisager.
809 2473 41 3 —
882 2458 36 26 2°
947 2454 162 41 Reporter
1137 2452 49 32 les
1213 2452 160 32 tableaux
1403 2450 158 43 Français
1588 2450 60 32 des
1676 2450 74 31 XVe
1783 2453 33 28 et
1849 2449 90 31 XVIe
1981 2447 132 42 siècles,

389 2512 144 43 exposés
572 2512 224 47 aujourd'hui
839 2512 101 32 salles
980 2513 28 31 X
1048 2515 33 29 et
1122 2512 55 40 XI,
1207 2511 88 32 dans
1332 2511 48 31 les
1417 2509 143 44 galeries
1599 2508 139 33 au-delà
1783 2508 41 32 de
1864 2508 30 31 la
1930 2506 183 33 collection

389 2572 222 41 Chauchard,
642 2571 84 34 c'est
752 2575 18 29 à
797 2571 71 33 dire
896 2574 17 29 à
941 2570 76 33 côté
1045 2571 61 32 des
1135 2569 164 33 Primitifs
1327 2568 231 38 néerlandais,
1588 2568 86 32 dont
1703 2567 40 32 ils
1778 2571 90 36 sont,
1907 2565 208 42 historique-

390 2635 110 37 ment,
532 2631 49 32 les
608 2630 155 42 cousins,
794 2635 32 28 et
853 2630 45 33 où
926 2630 78 45 déjà
1033 2630 49 32 les
1109 2629 182 33 attendent
1319 2629 48 31 les
1396 2627 164 33 Primitifs
1588 2626 198 44 espagnols.
1819 2645 41 4 —
1890 2630 37 37 3°
1955 2624 159 43 Disposer

387 2691 89 32 dans
503 2691 48 31 les
579 2691 102 31 salles
717 2691 55 40 IX,
815 2691 28 31 X
883 2693 33 29 et
956 2690 56 40 XI,
1054 2688 106 33 d'une
1200 2692 73 39 part
1312 2688 48 31 les
1401 2686 175 43 peintures
1603 2685 185 44 françaises
1826 2685 41 31 de
1907 2683 124 33 l'Ecole
2071 2683 41 33 de

388 2749 289 41 Fontainebleau,
707 2748 60 42 qui
797 2752 79 29 sont
904 2748 94 42 nées,
1028 2751 17 29 à
1074 2748 31 32 la
1140 2748 47 32 fin
1228 2748 47 31 du
1316 2747 90 31 XVIe
1451 2745 114 37 siècle,
1606 2745 42 32 de
1687 2748 137 39 parents
1862 2742 180 34 florentins
2080 2746 33 30 et

386 2819 213 33 parmesans,
623 2808 133 32 d'autre
785 2811 73 39 part
886 2808 103 32 celles
1015 2808 47 31 du
1090 2811 115 38 temps
1232 2806 42 32 de
1304 2804 102 33 Louis
1442 2805 86 41 XIII,
1567 2804 58 41 qui
1669 2808 78 28 sont
1787 2804 48 31 les
1875 2802 88 32 filles
2000 2802 42 32 de
2080 2801 31 32 la

387 2867 165 44 première
584 2866 203 46 génération
818 2866 165 33 italienne
1010 2867 46 32 du
1085 2865 173 33 Seicento.
1312 2867 25 30 A
1375 2863 102 43 partir
1515 2864 42 32 de
1596 2867 89 29 cette
1724 2862 90 41 date,
1856 2865 33 29 et
1929 2861 97 42 après
2065 2871 44 21 un
