2213 3479
380 478 107 44 Pages

402 547 41 33 43
539 537 48 35 N°
613 537 81 36 488.
728 559 40 3 —
799 538 59 33 Lire
858 538 36 33 :
926 540 44 31 M.
1001 540 41 32 de
1071 541 122 44 Laage,
1225 541 145 32 Fermier
1398 541 149 45 général.

402 607 42 31 41
542 597 98 35 Sous
667 598 37 35 la
732 599 281 43 reproduction
1042 599 46 35 de
1117 599 140 36 droite.
1284 620 45 4 —
1358 601 58 32 Lire
1416 601 36 32 :
1483 602 48 33 De
1560 603 41 31 La
1630 602 103 33 Tour.

402 668 41 33 43
541 658 102 35 Dans
671 658 35 34 le
734 658 83 43 bas,
846 662 40 32 et
912 669 33 33 p.
974 658 56 44 44,
1059 659 97 35 dans
1183 660 36 34 le
1247 660 108 35 haut.
1383 681 45 3 —
1450 661 58 33 Lire
1508 661 36 33 :
1570 662 42 32 La
1634 662 104 39 Tour,

668 718 149 33 Maurice
845 718 155 41 Quentin
1029 720 59 31 De.

401 787 45 32 44
539 779 165 44 Ajouter:
734 777 69 36 493
830 790 32 21 a.
894 778 48 35 Le
972 778 188 44 Bouteux,
1190 779 133 35 Pierre
1354 778 244 47 (1683-1750).
1629 801 41 3 —
1700 782 76 31 Por-

666 838 78 33 trait
771 839 46 31 du
846 838 132 43 peintre
1007 840 39 31 H.
1078 838 657 45 Rigaud.
1792 840 103 35 XV-S

402 907 43 34 47
540 897 14 15 *
582 897 49 35 Le
660 897 118 43 Roux,
809 898 156 35 Hector.
994 919 42 3 —
1066 898 111 33 L'Ode
1204 902 17 29 à
1243 899 130 38 Vénus,
1418 903 64 30 etc.
1518 900 154 33 Plafond.
1699 920 40 3 —

668 957 104 36 Lire
772 957 544 36 :.
1375 959 106 35 Vest.
1510 958 32 36 S.
1572 959 38 35 E.
1641 959 34 35 F.
1704 959 97 34 XIXe
1829 959 42 35 S.
1871 959 71 35 lor
1969 959 125 46 étage.

405 1026 40 33 50
538 1019 163 44 Ajouter:
734 1017 146 45 Mailly,
909 1017 129 35 Simon
1067 1017 70 42 de;
1166 1018 73 33 voir
1266 1018 178 35 Châlons.

405 1087 40 33 54
541 1077 189 44 Mignard.
761 1098 41 2 —
833 1080 120 43 Ajouter
953 1080 46 43 :
1031 1077 80 44 630.
1137 1078 100 42 Jésus
1265 1089 56 22 sur
1348 1079 29 32 le
1406 1078 139 33 chemin
1582 1080 46 31 du
1666 1079 75 32 Cal-

667 1137 130 35 vaire
1795 1138 111 34 XV-N

405 1207 38 32 57
541 1197 175 41 Morisot,
750 1197 156 35 Berthe.
931 1218 42 3 —
995 1199 164 44 Ajouter:
1189 1199 32 31 S.
1245 1198 57 32 Nu.
1328 1197 225 34 L'hortensia.
1585 1197 32 35 S.
1635 1198 68 34 des
1720 1197 155 36 dessins
1888 1197 50 35 du
1951 1197 89 35 XIXe
2040 1197 54 35 S.

401 1257 40 44 61
540 1258 206 44 Regnault,
775 1257 565 45 Alexandre-Georges-Henri.
1369 1278 45 4 —
1440 1260 117 43 Ajouter
1557 1260 44 43 :
1626 1259 31 31 S.
1681 1259 57 31 N".

666 1317 222 33 Automédon
918 1318 145 44 gardant
1090 1318 50 33 les
1167 1318 155 32 chevaux
1349 1317 381 35 d'Achille.
1789 1317 118 35 Nouv.
1935 1317 90 44 Acq.

400 1377 44 43 64
538 1377 154 35 Ricard.
724 1398 40 2 —
793 1379 163 44 Ajouter:
986 1378 32 32 S.
1053 1378 57 31 N".
1141 1379 146 42 Martyre
1326 1378 42 32 de
1407 1377 110 34 sainte
1544 1377 195 42 Catherine,

664 1437 135 43 d'après
827 1438 908 33 Rubens.
1796 1436 120 35 Nouv.
1947 1436 89 43 Acq.

401 1497 41 38 65
540 1497 158 43 Robert,
727 1497 163 35 Hubert.
916 1517 41 3 —
982 1498 60 31 Les
1068 1497 60 32 Nus
1157 1507 64 33 797
1251 1501 33 29 et
1312 1496 65 46 798
1406 1509 41 20 ne
1476 1501 78 29 sont
1582 1497 78 42 plus
1687 1508 54 21 ex-

665 1557 113 43 posés.

400 1616 40 43 65
594 1616 43 35 -
637 1616 64 35 NI
701 1616 108 35 801
840 1619 41 33 et
907 1616 88 35 806.
995 1616 54 35 -
1071 1613 125 45 Lire:
1405 1613 125 45 Vest.
1530 1613 62 45 S.
1592 1613 62 45 E.
1654 1613 62 45 F.
1716 1613 146 45 XIXeS,
1862 1613 83 45 1er
1945 1613 132 45 étage

401 1686 43 35 07
539 1677 47 34 N°
614 1676 79 35 832.
721 1696 46 4 —
795 1676 91 33 Lire:
913 1677 84 32 Effet
1023 1676 151 45 d'orage.
1229 1676 115 33 Plaine
1372 1677 41 32 de
1441 1678 235 31 Montmartre.

400 1746 44 35 b9
538 1737 176 34 Taraval.
742 1756 45 4 —
815 1737 41 32 Le
882 1737 47 32 No
956 1736 64 43 803
1052 1736 88 33 n'est
1168 1737 79 42 plus
1274 1736 135 43 exposé.

402 1807 35 32 71
534 1796 195 43 Valentin,
758 1796 59 35 Le.
863 1816 41 3 —
947 1796 96 33 Lire:
1067 1796 79 33 Voir
1175 1796 217 45 Boulongne,
1431 1795 160 34 Valentin
1629 1796 53 35 de,
1714 1799 32 28 et

664 1867 69 22 non
756 1857 83 40 Jean
867 1856 54 32 de.

401 1938 39 32 71
537 1927 81 35 Van
648 1928 86 42 Loo,
762 1927 313 44 Jean-Baptiste.
1101 1947 45 4 —
1169 1928 41 31 Le
1236 1927 46 32 N°
1305 1926 67 43 896
1393 1926 88 33 n'est
1503 1927 78 42 plus
1601 1925 135 44 exposé.

402 1992 40 32 72
538 1981 83 35 Van
650 1982 85 42 Loo,
765 1981 292 35 Louis-Michel.
1097 1981 32 32 S.
1153 1981 57 33 N°.
1236 1980 140 33 Portrait
1397 1981 41 31 de
1462 1980 118 33 Benoit
1599 1980 100 43 Loys.

666 2062 41 3 -
738 2041 101 34 Lire:
839 2041 476 34 .,.
1372 2039 105 35 Vest.
1506 2038 32 35 S.
1568 2039 36 34 E.
1633 2038 34 35 F.
1695 2038 98 34 XIXe
1820 2036 32 35 S.
1880 2036 50 34 1er
1957 2034 114 45 étage
