2246 3464
443 338 89 44 170
792 343 144 52 PARIS,
974 344 156 42 MUSÉE
1163 346 237 43 NATIONAL
1435 361 58 29 DU
1529 349 181 42 LOUVRE

407 469 90 35 2711
526 482 21 21 a
622 471 177 44 Holbein,
829 473 116 43 Hans,
973 474 36 35 le
1047 475 126 34 vieux,
1211 477 88 44 (vers
1343 487 117 31 1400-1
1474 477 91 45 524).
1595 499 39 3 —
1670 480 77 32 L'A-

813 533 157 33 doration
998 535 61 32 des
1087 546 130 33 mages.
1250 535 114 46 (Ecole
1391 536 63 46 de)
1796 540 131 34 XXXII

407 589 91 35 2713
624 591 179 41 Holbein,
835 592 117 41 Hans,
982 594 36 34 le
1045 594 128 44 jeune.
1204 595 253 46 (1497-1543).
1489 618 42 3 —
1561 599 124 33 Portait
1706 600 41 32 de

813 652 138 33 Nicolas
980 655 146 40 Kratzer,
1157 659 198 30 astronome
1377 657 46 32 du
1447 657 44 33 roi
1513 657 233 46 d'Angleterre

817 714 116 42 Henry
960 714 84 32 VIII.
1101 713 99 47 (Daté
1234 714 99 46 1528)
1797 719 150 33 XXXIII

406 768 93 35 2714
668 790 45 5 -
766 772 141 33 Portrait
928 773 41 32 de
991 773 167 43 William
1158 773 189 43 Warham,
1368 776 214 42 archevêque
1605 778 40 32 de
1662 778 86 32 Can-

812 833 141 43 terbury
975 844 41 21 en
1046 842 99 35 1504,
1176 834 192 43 représenté
1390 839 16 28 à
1430 835 87 46 l'âge
1545 837 41 32 de
1608 837 43 43 69
1669 848 74 22 ans.
1798 838 151 34 XXXIII

405 888 92 35 2715
670 911 42 3 —
766 892 141 33 Portrait
934 892 802 39 d'Erasme.
1794 897 150 35 XXXIII

405 948 92 35 2717
670 970 39 4 -
766 952 140 32 Portrait
933 952 42 32 de
1004 952 43 33 sir
1075 954 115 43 Henry
1218 955 117 43 Wyat,
1368 956 181 33 conseiller
1576 958 89 44 royal
1799 957 151 34 XXXIII

405 1008 92 35 2718
672 1031 41 2 —
768 1011 141 33 Portrait
945 1011 135 34 d'Anne
1116 1014 41 31 de
1194 1014 133 42 Clèves,
1368 1015 90 33 reine
1495 1016 247 45 d'Angleterre,

813 1071 192 42 quatrième
1034 1072 127 33 femme
1189 1074 41 32 de
1260 1075 115 44 Henry
1403 1076 334 33 VIII.
1792 1076 150 34 XXXIII

405 1128 91 35 2719
668 1151 42 2 —
765 1131 140 33 Portrait
933 1132 41 32 de
996 1132 49 32 Sir
1067 1132 146 33 Richard
1233 1134 208 42 Southwell,
1467 1135 119 33 maître
1606 1137 41 31 de
1670 1136 74 33 l'ar-

812 1191 122 33 tillerie
961 1203 41 21 en
1030 1193 198 44 Angleterre
1257 1204 82 22 sous
1366 1195 30 31 la
1425 1194 90 33 reine
1553 1195 187 43 Elisabeth,

814 1251 193 43 représenté
1035 1255 17 29 à
1081 1252 89 45 l'âge
1198 1254 47 42 de
1245 1254 63 42 33
1339 1265 73 22 ans.
1469 1253 271 47 (D'après).
1796 1255 150 35 XXXIII

497 2263 90 42 2718
950 2264 136 31 HOLBEIN

1260 2270 88 33 2737
1456 2259 132 32 MAÎTRE
1617 2269 37 21 DE
1681 2257 58 35 S1
1739 2257 216 35 BARTHÉLÉMY

401 2357 92 35 2720
623 2358 174 42 Holbein,
826 2350 115 50 Hans,
976 2359 36 33 le
1039 2358 128 44 jeune.
1215 2356 113 46 (1497-
1328 2356 131 46 1543).
1508 2374 42 3 —
1598 2354 138 32 Portrait

806 2417 179 33 d'homme
1014 2417 62 44 âgé
1103 2418 42 31 de
1174 2426 38 32 25
1243 2427 73 21 ans.
1374 2404 113 54 (École
1514 2412 66 46 de)
1789 2412 149 34 XXXIII

400 2476 46 33 S.
446 2476 62 33 Nu
666 2496 41 3 —
761 2476 140 33 Portrait
928 2477 192 32 d'homme,
1152 2479 88 42 (vers
1274 2473 98 45 1516)
1792 2472 151 33 XXXIII

400 2536 32 32 S.
462 2536 45 32 N°
664 2556 41 3 —
761 2536 139 32 Portrait
928 2536 40 32 de
997 2537 30 31 la
1056 2536 127 32 femme
1211 2535 42 32 de
1282 2533 152 33 l'artiste.
1467 2530 264 47 \Dessin).
1790 2530 149 34 XXXIII

401 2595 31 32 S.
462 2595 45 32 N°
664 2615 42 3 —
760 2596 41 30 Le
829 2595 173 43 triomphe
1029 2595 42 33 de
1099 2596 28 30 la
1158 2594 160 32 richesse.
1351 2590 150 47 \Dcssin)
1786 2590 149 33 XXXIII

400 2655 32 32 S.
462 2655 45 31 N°
662 2674 42 3 —
759 2655 93 31 Deux
879 2654 157 32 dessins:
1067 2654 38 33 1°
1127 2654 127 32 Etudes
1274 2653 42 31 de
1339 2651 125 39 mains,
1488 2650 39 33 2"
1551 2651 107 32 Etude
1695 2650 41 31 de

807 2713 92 32 main
928 2718 31 28 et
987 2713 138 41 croquis
1151 2713 46 31 du
1226 2711 118 44 visage
1379 2710 175 33 d'Erasmc
1789 2708 148 33 XXXIII

399 2772 34 34 S.
463 2773 45 32 N°
631 2772 150 43 Lampi,
781 2772 344 43 Johann-Baptist
1150 2781 87 24 von.
1261 2769 244 47 (1751-1830).
1528 2788 44 4 —
1595 2768 140 33 Portrait

806 2832 42 32 de
876 2831 209 33 l'architecte
1108 2830 148 33 Lacroix.
1312 2829 114 45 (Ecole
1453 2826 195 46 viennoise)
1782 2826 129 43 Nouv.
1911 2826 108 43 Acq.
