2263 3470
569 347 142 52 PARIS,
748 347 156 42 MUSÉE
936 347 238 42 NATIONAL
1209 358 59 29 DU
1303 345 187 42 LOUVRE
1800 342 29 43 3

242 477 44 35 20
385 476 165 43 Bidault,
568 476 435 43 Jean-Joseph-Xavier.
1028 474 243 48 (1758-1846).
1297 495 17 5 -
1345 475 78 34 Vue
1441 475 90 45 prise

595 536 43 33 de
664 533 288 46 Subiaco
952 533 108 46 E.
1060 533 108 46 F.
1168 533 180 46 XIXe
1348 533 108 46 S.
1456 533 144 46 1er
1600 533 216 46 étage
1816 533 75 46 I

241 597 41 34 21
457 616 41 4 —
552 596 78 33 Vue
657 595 225 34 d'Avezzano
908 603 34 26 et
968 595 47 34 du
1042 595 51 34 lac
1119 596 43 33 de
1190 594 136 35 Celano
1700 614 43 4 -

192 655 15 17 *
384 656 233 44 Biennoury,
645 655 455 45 Victor-François-Eloi.
1130 653 234 48 (1823-1893)
1394 674 42 4 —
1466 654 65 34 Les

597 715 192 45 sculptures
829 726 162 34 grecque,
1026 715 173 41 romaine,
1242 713 180 43 française.
1465 713 66 34 Ca-

597 778 151 30 maïeux.
804 775 97 33 Dans
928 774 49 34 les
1003 783 521 37 tympans.
1584 772 32 36 S.
1652 773 46 35 de
1728 772 163 37 Mécène

198 834 15 16 *
456 854 40 4 -
551 834 171 46 L'empire
759 834 149 42 romain,
950 834 157 45 l'empire
1159 833 158 43 français.
1394 833 140 34 Camaï-

598 894 77 21 eux.
731 882 96 33 Dans
854 882 49 33 les
929 890 613 37 tympans.
1601 880 33 35 S.
1663 880 212 45 d'Auguste

242 941 43 35 23
386 941 108 35 Blain
522 951 49 25 ou
603 942 109 34 Belin
740 942 46 34 de
815 941 213 45 Fontenay,
1055 941 308 43 Jean-Baptiste.
1403 939 129 47 (1653-

604 1001 114 44 1715).
749 1021 41 4 —
819 1001 91 33 Vase
937 1000 88 43 d'or,
1053 1000 105 34 fleurs
1185 1009 33 25 et
1245 1000 107 34 fruits
1505 999 32 35 S.
1568 999 178 35 Meubles
1775 1000 119 34 XVIIe

243 1061 45 34 24
458 1080 41 4 —
552 1060 90 34 Vase
668 1061 85 33 doré
781 1061 122 44 rempli
931 1061 42 33 de
1000 1060 527 35 fleurs
1707 1080 41 3 —

243 1121 43 34 25
385 1120 229 43 Blanchard,
641 1121 181 43 Jacques.
853 1119 246 47 (16oo-r638).
1128 1140 42 4 —
1200 1120 47 33 La
1275 1119 142 34 Charité
1584 1119 125 35 XIV-S

197 1180 48 34 S.
245 1180 66 34 N°
465 1201 41 2 —
561 1180 131 34 Cimon
719 1189 33 25 et
781 1180 572 45 Iphigénie.
1353 1180 42 45 ,
1582 1179 132 34 XIV-N

306 1657 34 31 17
870 1646 193 31 BENOUVILI.E

332 2207 42 31 28
864 2209 53 32 L.
917 2209 125 32 BOILLY

1246 2144 42 31 42
1496 2135 53 31 FR.
1582 2134 150 32 BOUCHER

202 2275 138 49 *
394 2278 172 43 Blondel,
595 2279 310 44 Merry-Joseph.
936 2279 247 46 (1781-1853).,
1206 2300 46 5 —
1290 2281 46 33 Le
1364 2281 112 42 soleil;
1508 2281 32 33 la

340 2325 7 8 ,
607 2338 103 34 chute
736 2338 142 34 d'Icare.
931 2338 162 46 Coupole
1114 2339 190 44 circulaire,
1333 2341 107 44 partie
1461 2352 81 22 cen-

608 2398 925 36 traie.
1593 2399 75 35 Gai.
1698 2399 201 44 d'Apollon

203 2455 14 16 *
464 2477 45 5 —
561 2456 182 35 Différend
770 2458 42 33 de
833 2457 167 46 Neptune
1030 2466 33 26 et
1084 2458 43 34 de
1160 2459 171 34 Minerve.
1374 2458 164 43 Plafond,

608 2517 135 33 tableau
770 2517 47 33 du
843 2526 692 27 centre.
1595 2518 34 35 II

205 2573 15 16 *
468 2595 41 4 —
561 2575 105 35 Mars.
720 2576 47 34 La
795 2576 95 34 Paix.
939 2575 162 45 Plafond,
1123 2578 96 33 côtés
1239 2577 134 46 gauche
1394 2586 34 26 et
1449 2578 92 34 droit
1592 2578 34 34 II

204 2632 15 16 *
468 2654 41 5 —
562 2634 46 34 La
637 2635 128 34 France
785 2636 208 34 victorieuse
1014 2638 19 31 à
1056 2636 187 35 Bouvines.
1274 2636 150 35 Plafond
1470 2637 33 35 S.
1527 2637 177 36 Meubles
1724 2637 118 35 XVIIe
1868 2636 33 35 S.

207 2691 14 15 *
470 2713 41 4 —
564 2693 124 35 Plafond
688 2693 47 35 :
790 2695 46 33 La
865 2695 129 33 France
1020 2696 108 41 reçoit
1154 2696 43 33 de
1225 2696 106 34 Louis
1357 2695 118 35 XVIII
1509 2697 32 33 la

612 2741 117 34 charte
755 2742 339 34 constitutionnelle.
1135 2763 42 4 —
1206 2744 220 34 Voussures:
1459 2744 85 34 Huit

612 2789 211 34 bas-reliefs.
848 2809 42 6 —
909 2790 57 33 Au
987 2799 117 25 centre
1125 2791 43 34 de
1188 2791 134 34 chacun
1344 2792 61 34 des
1425 2793 87 33 côtés
1512 2793 29 33 :

612 2847 149 34 groupes
810 2837 243 46 allégoriques.
1092 2858 42 4 —
1175 2839 98 34 Dans
1311 2839 49 34 les
1398 2840 111 45 angles
1509 2840 32 45 :

614 2883 64 34 Les
692 2895 114 23 armes
821 2885 43 33 de
875 2885 128 33 France
1015 2887 137 43 portées
1161 2898 58 34 par
1234 2887 60 34 des
1308 2888 116 33 dieux.
1456 2885 74 38 ire
1530 2885 55 38 S.
1585 2885 129 38 Meubi.
1714 2885 129 38 XVIIIe
1843 2885 58 38 S.
