2254 3461
552 352 141 50 PARIS,
731 352 156 42 MUSÉE
920 352 237 42 NATIONAL
1192 364 59 29 DU
1286 351 183 41 LOUVRE
1747 348 57 43 4:1

200 482 68 35 476
368 481 190 44 Langlois,
586 476 314 50 Jérôme-Martin.
900 476 294 50 (1770-1818).
1224 501 42 3 —
1291 480 147 33 Portrait
1460 479 46 33 du

579 529 131 43 peintre
739 528 762 33 David..,.,..,.
1560 527 100 34 111-0

200 589 67 34 477
367 589 165 41 Lanoue,
550 587 347 43 Félix-Hippolyte.
917 587 251 45 (1812-1872).
1192 608 12 3 -
1226 586 64 34 Vue
1290 586 48 34 de
1338 586 65 34 la
1419 586 88 33 forêt

577 635 42 33 de
635 635 76 44 pins
735 636 45 32 du
803 635 157 42 Gombo,
987 634 147 34 Cascine
1159 635 43 33 de
1227 634 90 34 Pise.
1373 635 37 34 E.
1428 634 36 33 F.
1486 634 97 33 XIXe
1602 633 34 35 S.
1653 634 35 34 2e
1701 634 114 44 étage
1828 635 34 33 II

200 695 67 35 478
438 714 42 4 —
531 694 78 33 Vue
642 694 46 32 du
715 693 118 42 Tibre,
869 694 89 44 prise
992 694 42 33 de
1068 694 309 45 l'Aqua-Acetosa,
1412 705 93 21 cam-

579 752 111 34 pagne
717 742 43 32 de
789 741 711 33 Rome.,..,.,.
1654 761 42 3 —

199 802 68 34 479
367 802 48 34 La
450 802 127 41 Porte,
620 801 461 34 Henri-Horace-Roland
1122 801 57 35 de.
1219 800 285 46 (1724?-1793).

579 848 103 42 Vase,
710 848 103 46 globe
840 857 34 25 et
901 849 214 33 instrument
1141 849 42 33 de
1210 849 138 45 musique
1561 848 125 34 XVI-S

198 908 68 35 480
436 928 41 4 —
530 907 196 35 Ustensiles
753 919 57 22 sur
836 919 69 22 une
932 908 91 33 table
1050 908 43 33 de
1120 908 379 45 pierre.
1558 908 60 34 1-0

197 967 66 35 481
364 967 262 44 Largillierre,
655 967 155 35 Nicolas
839 967 59 34 de.
936 966 256 45 (1656-1716).
1234 987 43 4 —
1306 966 46 34 Le
1386 968 121 43 prévôt

577 1015 61 33 des
664 1015 209 33 marchands
900 1023 34 25 et
960 1015 49 33 les
1036 1015 166 33 échevins
1228 1015 43 33 de
1298 1015 31 33 la
1356 1014 80 34 ville
1463 1015 43 33 de

579 1062 147 45 Parisen
726 1062 775 45 1687.
1560 1063 60 34 I-E

198 1121 68 35 482
435 1141 42 4 —
530 1121 147 34 Portrait
696 1121 43 34 de
761 1121 145 34 Charles
929 1121 46 34 Le
998 1122 106 42 Brun,
1128 1122 150 45 premier
1304 1121 134 46 peintre
1459 1122 47 33 du

577 1169 925 34 roi.
1558 1169 125 36 XIV-S

197 1228 69 34 484
435 1248 42 4 —
530 1228 147 34 Portrait
703 1229 43 33 de
773 1229 48 33 M.
855 1228 46 34 du
928 1229 132 33 Vaucel
1557 1230 61 34 1-0

197 1287 68 35 485
434 1307 42 4 —
530 1287 147 35 Portrait
703 1288 42 34 de
772 1288 103 46 jeune
903 1287 133 35 femme
1064 1300 43 22 en
1136 1289 365 33 Diane.
1559 1290 60 33 I-E

308 2000 61 33 491
832 1993 222 34 LARGILLIERRE

1238 1997 42 33 S.
1280 1997 28 33 X
1308 1997 44 33 1
1501 1997 62 32 LA
1563 1997 105 32 TOUR

195 2084 69 35 436
388 2084 269 46 Largillierre,
657 2084 154 46 Nicolas
811 2084 97 46 de.(
918 2088 417 47 1656-1746).-Portrait
1335 2088 180 47 d'homme
1568 2092 61 33 I-E

196 2144 68 34 487
434 2164 42 4 —
529 2145 159 35 Portrait'
688 2145 96 35 d'un
813 2147 146 34 échevin
986 2149 43 33 de
1056 2150 30 33 la
1113 2151 79 33 ville
1219 2152 43 33 de
1291 2151 97 34 Paris
1559 2151 60 34 1-0

197 2203 68 35 488
436 2224 40 4 —
530 2204 147 35 Portrait
705 2207 161 44 présumé
893 2208 43 33 de
963 2208 48 34 M.
1041 2210 43 33 de
1112 2209 112 47 Laage
1253 2238 248 7 .,..
1558 2210 60 35 1-0

197 2262 68 35 489
435 2283 41 4 —
531 2264 146 34 Portrait
703 2265 153 34 d'acteur
882 2269 240 43 représentant
1149 2270 142 45 Apollon
1564 2270 59 34 1-0

196 2321 69 35 490
434 2343 41 4 —
530 2324 146 34 Portrait
703 2325 83 33 d'un
814 2327 415 44 magistrat.,.,.,
1229 2327 36 44 ,
1301 2327 36 44 ,
1559 2330 61 33 I-E

196 2381 65 34 431
434 2402 41 4 —
529 2383 148 34 Portrait
704 2385 42 33 de
776 2385 225 46 Largillierre,
1030 2388 42 33 de
1105 2399 36 22 sa
1168 2387 134 35 femme
1341 2398 33 25 et
1400 2388 43 33 de
1471 2399 35 23 sa

574 2430 102 39 fille
1553 2437 60 33 I-E

196 2487 69 34 492
291 2499 22 21 a
387 2489 207 44 Larivière,
642 2488 302 49 Louis-Eugène.
986 2493 249 46 (1800-1823).
1287 2515 42 3 —
1359 2495 147 34 Portrait

573 2538 193 45 d'Eugénie
794 2540 141 34 Paméla
963 2541 170 34 Larivière
1253 2543 97 35 ;
1350 2543 340 35 VIII-0

173 2592 35 34 S.
236 2593 51 34 N°
386 2596 47 34 La
453 2596 113 42 Tour,
589 2597 46 34 M.
653 2598 163 42 Quentin
831 2600 65 34 De.
910 2600 251 44 (1704-1788).
1174 2620 17 4 -
1206 2600 148 34 Portrait
1368 2602 42 33 de
1426 2602 81 32 Mme

574 2644 43 34 de
644 2645 227 45 Pompadour
896 2648 106 33 assise
1028 2648 128 33 devant
1171 2660 69 21 une
1262 2649 102 33 table.
1395 2649 113 34 Pastel
1561 2649 34 35 S.
1621 2651 68 34 des
1710 2652 153 43 pastels

175 2698 33 33 S.
238 2699 50 34 N°
433 2721 41 4 —
528 2702 147 35 Portrait
706 2706 162 43 présumé
904 2707 42 32 de
981 2706 289 35 Louis-Stanislas
1309 2708 127 34 Xavier
1464 2711 43 31 de

579 2762 139 41 France,
747 2773 116 25 comte
883 2765 43 33 de
949 2765 192 39 Provence,
1169 2778 78 22 vers
1264 2766 87 46 l'âge
1371 2768 42 33 de
1431 2768 76 34 huit

576 2832 74 32 ans,
678 2822 182 34 autrefrois
891 2835 59 22 cru
990 2824 30 33 le
1059 2825 141 44 portrait
1238 2826 43 33 de
1321 2826 105 34 Louis
1464 2828 43 33 de

578 2879 141 44 France,
748 2880 53 35 fils
827 2883 42 33 de
898 2882 105 35 Louis
1029 2883 80 34 XV.
1156 2884 346 36 Pastel.
1654 2909 41 3 —
