2223 3474
416 349 59 44 36
760 352 145 50 PARIS,
942 352 158 43 MUSÉE
1131 354 239 42 NATIONAL
1404 367 60 29 DU
1497 355 185 42 LOUVRE

378 480 34 35 S.
441 481 53 34 No
594 480 153 44 Guiard,
790 481 95 44 Mme,
926 483 71 34 née
1038 482 186 35 Adélaïde
1268 483 145 35 Labille
1454 483 68 35 des
1562 484 155 43 Vertus,

784 542 89 43 puis
902 542 82 33 Mme
1012 542 180 35 Vincent.
1215 542 261 46 (1749-1803).
1504 564 42 3 —
1570 543 148 35 Portrait

786 602 43 33 de
856 601 82 34 Mme
965 602 166 33 Victoire.
1185 602 531 34 Pastel.
1773 604 32 35 S.
1828 604 68 35 des
1919 605 154 36 Pastels

400 660 70 35 400
496 673 22 21 a
605 681 42 4 —
700 661 150 34 Portrait
876 662 47 32 du
951 662 133 44 peintre
1112 661 611 35 Vincent.
1779 664 79 35 11-0

375 720 14 16 *
594 721 206 43 Guichard,
835 721 319 44 Joseph-Benoit.
1184 720 245 48 (1806-1880).
1480 742 40 4 —
1567 721 48 34 Le
1651 722 63 34 tri-

787 781 133 45 omphe
947 781 43 33 de
1017 781 31 33 la
1075 789 100 35 terre,
1205 780 134 46 d'après
1374 781 47 34 Le
1456 781 107 34 Brun.
1599 781 117 35 Voûte
1768 782 75 35 Gai.
1872 783 200 44 d'Apollon

377 839 33 36 S.
438 840 52 34 N°
592 840 159 45 Guigou,
781 840 286 36 Paul-Camille.
1092 840 246 47 (1834-1871).
1379 861 41 3 —
1450 841 114 34 Route
1603 842 43 33 de
1686 841 32 34 la

785 900 158 43 Gineste,
973 902 77 44 près
1077 901 43 33 de
1148 900 299 35 Marseille.
1503 901 35 34 E.
1569 901 33 34 F.
1630 901 97 34 XIXe
1754 901 34 35 S.
1831 902 36 34 2e
1895 901 114 46 étage
2037 903 34 34 II

375 959 49 35 S.
424 959 67 35 N°
641 981 42 3 —
737 960 46 33 La
812 960 898 35 Lavandière.
1861 982 43 4 —

397 1020 69 35 402
591 1018 112 37 Halle
732 1020 107 35 Noël.
869 1019 33 47 (
902 1019 217 47 1711-1781).
1150 1040 42 3 —
1221 1019 211 34 L'automne
1766 1021 123 35 XVI-S

398 1079 70 36 403
640 1100 42 3 —
737 1080 65 33 Les
828 1080 121 45 génies
985 1080 43 34 de
1055 1080 31 34 la
1125 1079 131 46 poésie,
1297 1079 42 33 de
1379 1078 182 44 l'histoire,
1603 1080 43 33 de
1685 1079 31 34 la

783 1139 174 46 physique
984 1148 33 26 et
1044 1140 42 34 de
1114 1139 227 34 l'astronomie
1765 1139 123 35 XVI-S

397 1199 70 35 404
637 1219 47 5 -
735 1199 183 34 Libéralité
945 1200 43 33 de
1016 1200 133 34 Cimon
1177 1198 531 34 l'Athénien.
1764 1199 123 35 XVI-S

397 1259 69 35 405
640 1280 46 3 -
737 1259 149 45 Dispute
912 1260 43 33 de
983 1260 159 33 Minerve
1170 1266 33 26 et
1229 1259 43 33 de
1298 1258 200 45 Neptune.
1700 1259 105 34 Vest.
1841 1258 31 35 S.
1903 1259 167 37 Bronzes

496 2166 63 35 399
947 2156 120 33 GUÉRIN

1293 2169 19 35 3
1312 2169 38 35 91
1841 2160 88 32 GROS

392 2261 68 35 406
587 2262 160 43 Hamon,
793 2262 250 35 Jean-Louis.
1093 2262 248 47 (1821-1874).
1389 2285 40 3 -
1474 2264 46 35 La
1546 2265 161 33 comédie

778 2322 380 37 humaine
1158 2322 142 37 S.
1300 2322 380 37 dessins
1680 2322 237 37 XIXe
1917 2322 144 37 S.

366 2381 33 33 S.
431 2381 51 33 N°
583 2380 159 43 Hébert,
772 2381 155 35 Ernest.
958 2381 248 46 (1817-1908).
1235 2403 46 4 —
1310 2383 45 33 Le
1384 2384 110 33 baiser
1520 2384 42 33 de
1588 2384 118 45 Judas
1762 2384 148 34 Marine

366 2439 50 34 S.
416 2439 67 34 Nu
632 2461 41 3 —
730 2441 63 32 Les
821 2440 881 35 Cervarolles.,.,.,.,.
1759 2443 135 33 VIII-N

367 2499 33 33 S.
431 2499 52 33 No
631 2519 41 4 —
727 2500 46 33 La
801 2500 152 33 malaria.
1009 2500 205 46 Campagne
1241 2502 170 33 romaine.
1478 2503 25 33 E
1544 2502 32 34 F.
1605 2502 96 33 XIXe
1728 2502 31 34 S.
1790 2502 49 34 1er
1866 2501 113 44 étage
2008 2501 52 34 III

368 2558 34 34 S.
432 2558 51 33 N°
632 2579 42 3 —
728 2559 148 33 Portrait
903 2560 42 32 de
974 2560 81 32 Mme
1078 2560 207 46 M'ey-Isabey
1756 2561 32 34 S.
1819 2561 137 43 Isabey

392 2617 68 35 408
586 2618 121 42 Heim,
738 2618 362 45 François-Joseph.
1131 2619 245 46 (1787-1865).
1376 2619 37 46 —
1413 2619 134 46 Sujet
1575 2620 61 33 tiré
1663 2620 43 33 de

775 2677 204 34 l'«Histoire
1006 2678 61 33 des
1092 2678 124 45 Juifs»,
1246 2690 59 34 par
1329 2679 373 44 Josèphe.
1758 2679 133 34 VIII-E

389 2735 68 35 409
774 2736 46 34 Le
872 2737 51 33 roi
973 2737 145 34 Charles
1158 2738 31 33 X
1228 2738 207 33 distribuant
1473 2738 61 33 des
1572 2739 134 32 récom-

773 2807 125 33 penses
925 2808 67 21 aux
1019 2797 133 33 artistes
1152 2797 45 33 à
1224 2797 30 33 la
1274 2796 47 34 fin
1347 2797 47 33 du
1415 2797 101 33 salon
1537 2797 43 33 de
1606 2797 97 43 1824,

770 2866 43 21 au
842 2854 257 45 Louvre
1099 2854 110 45 E.
1209 2854 110 45 F.
1319 2854 183 45 XIXe
1502 2854 110 45 S.
1612 2854 147 45 1er
1759 2854 220 45 étage
1979 2854 77 45 I
