2249 3479
489 370 59 44 14
833 372 145 51 PARIS,
1015 373 158 43 MUSÉE
1204 374 240 42 NATIONAL
1479 387 59 29 DU
1572 373 184 43 LOUVRE

482 501 56 46 (6)
670 501 128 43 Corot,
820 502 489 43 Jean-Baptiste-Camille.
1330 502 260 46 (1796-1875).
1629 523 41 4 —
1701 503 91 33 Che-

858 562 88 33 vrier
969 562 122 46 jouant
1111 562 43 34 de
1175 562 31 33 la
1232 562 84 34 flûte
1343 563 87 33 dans
1456 574 70 22 une
1553 563 153 33 clairière
1722 563 90 35 Coll.
1836 563 241 45 Chauchard,
2100 565 48 34 IV

482 621 56 46 (7)
710 642 41 4 —
803 621 172 46 Nymphe
1002 622 202 34 désarmant
1231 622 553 34 l'Amour.
1940 645 40 2 —
2100 624 48 34 IV

481 681 56 46 (8)
707 702 45 3 —
804 681 120 34 Danse
952 682 60 33 des
1041 682 743 45 nymphes.
1940 704 39 3 —
2098 684 49 34 IV

485 741 56 46 (9)
713 762 41 2 —
808 741 65 33 Les
901 741 176 34 chevriers
1104 742 62 33 des
1194 741 65 34 lies
1288 742 238 35 Borroiiiées
1937 763 45 4 —
2099 744 48 33 IV

459 801 79 45 (10)
709 822 44 3 —
807 801 46 34 La
881 810 731 25 route
1612 810 366 25 —
2098 803 48 34 IV

459 860 81 46 (11)
707 882 45 3 —
805 861 47 33 Le
881 861 123 42 matin,
1034 872 46 22 ou
1109 861 30 34 la
1166 861 153 33 clairière
1346 872 44 22 au
1417 861 93 34 lever
1537 861 46 33 du
1611 861 78 46 jour
1939 883 41 2 —
1999 863 147 44 galerie

457 921 80 46 (12)
709 942 40 3 -
804 920 145 46 L'étang
977 921 43 33 de
1047 921 92 33 Ville
1167 921 156 45 d'Avray
1935 942 41 3 —
2092 922 53 34 III

460 981 76 45 (13)
712 1001 41 3 —
808 981 46 33 Le
882 991 898 36 passeur.
1933 1002 46 3 —
2092 981 54 35 III

457 1040 76 45 (14)
710 1062 41 3 —
805 1040 47 34 Le
880 1042 94 44 pâtre
1002 1041 129 33 devant
1158 1040 625 45 l'étang.
1938 1061 36 3 —
1997 1042 148 44 galerie

460 1100 72 45 (15)
709 1122 40 3 —
805 1100 47 34 Le
886 1111 102 34 repos
1015 1111 83 22 sous
1126 1100 49 33 les
1202 1100 144 34 saules
1932 1121 44 3 —
1998 1101 147 44 galerie

456 1161 77 45 (16)
709 1181 40 3 —
804 1160 46 34 Le
878 1171 144 34 passage
1049 1160 46 33 du
1123 1161 657 44 gué.
1936 1180 39 3 —
1997 1161 147 43 galerie

461 1220 72 47 (17)
708 1241 42 4 —
804 1220 46 34 Le
877 1220 906 34 matin.
1938 1240 41 3 —
2097 1221 48 33 IV

608 2125 72 46 (13)
994 2126 114 40 J.-B.
1108 2126 116 40 COROT

1374 2133 49 36 17)
1688 2123 127 44 J.-B.
1815 2123 128 44 COROT

456 2198 72 46 (18)
662 2197 128 42 Corot,
818 2196 488 44 Jean-Baptiste-Camille.
1342 2194 324 45 (171)6-18751.
1666 2194 46 45 —
1712 2194 70 45 Le

850 2251 257 42 soir
1107 2251 308 42 Coll.
1415 2251 566 42 Chauchard,
1981 2251 156 42 IV

452 2317 71 46 (19)
700 2336 40 4 —
796 2316 46 34 Le
869 2316 141 45 catalpa.
1063 2316 173 33 Souvenir
1263 2315 42 32 de
1334 2314 89 32 Ville
1451 2313 321 45 d'A\Tay.
1928 2332 39 3 —
2088 2310 48 34 IV

452 2376 72 47 (20)
700 2396 40 3 —
795 2376 46 33 La
868 2376 165 33 clairière.
1088 2375 173 33 Souvenir
1288 2374 42 33 de
1358 2373 90 32 Ville
1476 2373 155 44 d'Avray
1931 2391 40 3 —
2088 2370 47 33 IV

451 2436 71 46 (21)
700 2456 40 3 —
794 2436 65 33 Les
887 2436 199 44 marécages
1113 2436 17 31 à
1158 2434 29 33 la
1214 2433 97 34 Tour
1338 2434 137 32 carrée
1927 2450 39 3 —
1988 2429 146 45 galerie

452 2496 72 40 (22)
700 2516 40 3 —
795 2495 46 33 La
869 2495 96 33 levée
993 2495 60 32 des
1082 2493 690 34 htets.
1928 2510 40 2 —
2119 2489 14 33 1

452 2555 72 38 (23)
701 2575 39 3 —
796 2554 46 33 Le
871 2563 84 35 pont
983 2554 43 33 de
1055 2553 662 33 Palluel
1717 2553 249 33 —
2079 2548 54 33 III

452 2615 72 42 (24>
700 2635 41 3 —
795 2614 46 33 La
868 2614 108 33 danse
1004 2614 60 32 des
1093 2614 171 43 bergères.
1317 2610 172 34 Souvenir
1517 2609 160 34 d'Arleux
1922 2607 42 44 -
1964 2607 168 44 galerie

452 2674 71 46 (25)
700 2694 40 3 —
794 2673 83 34 Près
905 2673 115 33 Arras.
1074 2672 64 33 Les
1167 2671 602 33 bûcheronnes.
1924 2687 36 3 —
2083 2666 48 33 IV

449 2733 72 45 (26)
696 2753 43 3 —
791 2732 175 34 Souvenir
992 2732 60 32 des
1082 2731 683 33 Landes.
1921 2746 39 3 —
2083 2724 47 34 IV

449 2793 41 45 (27
694 2812 45 4 —
791 2792 47 33 Le
866 2791 137 33 Moulin
1032 2791 42 32 de
1101 2787 447 36 Saint-Nicolas-lès-Arras
1924 2806 38 2 —
2116 2784 14 33 1

435 2852 95 45 (156)
700 2871 44 4 -
799 2851 132 33 Fillette
959 2852 17 31 à
1004 2862 35 21 sa
1067 2850 132 33 toilette
1824 2845 88 34 Coll.
1937 2843 192 35 Camondo

436 2918 96 44 (157)
697 2937 45 3 -
793 2916 971 33 L'atelier.,
1918 2929 42 4 —
