2248 3470
541 338 141 51 PARIS,
721 338 155 41 MUSÉE
908 338 238 41 NATIONAL
1182 350 58 29 DU
1274 337 183 41 LOUVRE
1700 334 85 43 137

159 468 91 35 2029
372 467 161 45 Metsys,
565 467 153 44 Massys
757 478 46 22 ou
838 466 162 45 Matsys,
1042 466 167 42 Quentin
1245 477 45 23 ou
1320 466 167 42 Quintin.

561 525 243 46 (1466-1530).
838 546 38 3 —
909 525 45 34 Le
981 527 137 43 prêteur
1139 534 33 25 et
1193 537 35 22 sa
1247 525 235 34 femme.
1538 526 93 33 XXX

158 586 85 35 2030
243 586 51 35 a
416 606 45 4 —
512 586 45 33 La
586 586 127 43 Vierge
740 594 32 24 et
801 584 153 34 l'Enfant
979 585 101 44 Jésus
1538 585 94 33 XXX

158 645 90 35 2203
421 665 40 4 —
516 645 45 33 Le
590 644 116 34 Christ
735 653 90 25 mort
852 655 58 23 sur
948 644 48 34 les
1032 656 141 34 genoux
1212 645 43 33 de
1282 645 30 33 la
1352 645 136 45 Vierge.

563 703 188 46 (Attribué)
1432 732 52 6 ,
1540 704 93 33 XXX

158 764 90 35 2037
372 764 165 42 Meulen,
560 764 121 34 Adam
697 764 119 34 Frans
838 774 75 24 van
936 764 70 34 der
1029 763 244 46 (1632-1690).
1292 785 41 2 —
1352 763 137 34 Défaite

559 824 42 32 de
629 823 142 33 l'armée
799 823 189 45 espagnole
1010 825 77 43 près
1108 824 46 32 du
1175 824 97 33 canal
1293 824 43 33 de
1359 824 130 44 Bruges

561 883 111 45 (Août
704 881 101 45 1667)
1545 883 47 33 VI
1620 886 48 31 tr.
1699 882 74 34 E-N

157 942 91 35 2039
419 962 43 4 —
514 942 150 45 Passage
690 942 46 33 du
765 942 92 33 Rhin
888 943 56 44 (12
974 942 73 45 juin
1080 941 113 46 i6y2't
1635 963 45 3 —

157 1001 91 35 2040
416 1022 44 4 —
510 1002 144 33 Arrivée
698 1001 46 33 du
783 1001 51 34 roi
874 1001 104 34 Louis
1017 1002 78 33 XIV
1134 1013 43 22 au
1216 1014 102 33 camp
1361 1002 128 33 devant

559 1061 199 34 Maëstricht
785 1072 43 22 en
864 1060 84 45 1673
1543 1061 123 35 XIV-S

181 2064 77 31 2018
258 2064 47 31 a
394 2065 147 33 MAITRE
541 2065 63 33 DE
604 2065 63 33 LA
667 2065 106 33 MORT

503 2119 56 33 DE
559 2119 113 33 MARIE

971 2130 89 32 2029
1469 2120 162 38 QUENTIN
1631 2120 143 38 METSYS

156 2209 91 35 2042
371 2212 166 42 Meulen,
556 2213 120 34 Adam
699 2214 118 34 Frans
839 2224 75 24 van
937 2215 69 34 der
1026 2214 251 46 (1632-1690).
1296 2236 40 3 —
1360 2214 128 33 Valen-

560 2272 141 34 ciennes
722 2274 88 44 prise
831 2273 151 34 d'assaut
1003 2286 59 33 par
1084 2274 106 37 Louis
1210 2274 84 34 XIV
1315 2286 44 22 en
1385 2273 99 45 1677.
1538 2272 124 34 XIV-S

157 2329 91 35 2045
419 2351 40 3 —
512 2331 77 34 Vue
616 2332 46 33 du
689 2332 145 34 château
862 2333 42 34 de
932 2334 204 34 Vincennes
1163 2334 46 33 du
1237 2335 77 32 côté
1342 2334 46 33 du
1411 2345 77 34 parc

561 2391 144 46 (Départ
731 2392 43 34 de
802 2392 106 35 Louis
934 2393 83 33 XIV
1045 2404 87 34 pour
1159 2393 30 33 la
1215 2392 135 46 chasse)
1540 2393 48 34 VI
1615 2397 50 30 tr.
1697 2392 76 34 E-N

157 2447 91 35 2047
419 2471 40 2 —
511 2451 149 33 Combat
685 2451 43 34 de
754 2452 168 34 cavalerie
949 2464 43 22 au
1020 2464 142 34 passage
1184 2452 85 34 d'un
1296 2461 187 36 pont
1539 2452 145 34 XXXIV

157 2506 90 36 2048
416 2529 46 4 —
511 2509 153 35 Combat
691 2511 43 33 de
761 2511 166 34 cavalerie
955 2513 77 43 près
1057 2512 84 33 d'un
1170 2520 258 37 pont.
1538 2512 146 34 XXXIV

156 2565 91 36 2049
418 2588 40 3 —
512 2568 139 35 Convoi
679 2564 422 41 militaire
1101 2564 381 41 escorté
1539 2571 145 34 XXXIV

157 2625 91 35 2050
419 2647 40 3 —
515 2628 100 34 Halte
642 2629 42 33 de
711 2629 314 35 cavaliers.
1025 2629 458 35 o.,.
1539 2631 145 34 XXXIV

158 2684 91 34 2019
373 2686 101 43 Miel,
496 2687 83 41 Jan,
601 2698 46 22 ou
670 2688 103 43 Bike,
795 2689 49 33 dit
865 2690 35 33 le
921 2689 178 35 Cavalier
1120 2689 186 35 Giovanni
1328 2690 91 35 Milo
1440 2701 46 23 ou

561 2746 107 35 Della
702 2747 98 43 Vita,
837 2759 45 22 ou
921 2749 166 34 Jamieli.
1127 2754 90 39 (vers
1261 2749 224 45 1509-166.1).

561 2825 40 3 —
632 2805 45 33 Le
705 2807 784 42 mendiant..,.,.,.
1545 2810 145 34 XXXIV

158 2861 90 35 2020
419 2883 41 4 —
515 2864 45 34 Le
588 2865 134 33 barbier
749 2866 188 44 napolitain
1542 2870 144 34 XXXIV
