2254 3461
550 342 141 50 PARIS,
729 341 155 42 MUSÉE
916 342 237 42 NATIONAL
1188 354 60 29 DU
1282 341 184 41 LOUVRE
1742 337 57 43 37

172 471 15 17 *
387 471 119 42 Heim,
536 469 360 46 François-Joseph.
926 491 45 3 —
999 469 167 35 Plafond:
1212 470 45 33 La
1284 469 218 34 renaissance

575 530 60 32 des
670 538 68 24 arts
777 540 43 22 en
862 529 140 34 France.
1058 550 40 3 —
1145 529 216 34 Voussures:
1417 528 85 34 Huit

577 583 159 39 tableaux
757 589 80 33 tirés
859 589 42 33 de
923 588 168 34 l'histoire
1118 589 43 33 de
1184 588 128 34 France
1336 580 227 52 Céramique
1592 587 161 44 antique
1773 586 32 36 S.
1831 587 28 34 V

171 649 15 16 *
433 669 42 4 -
530 647 120 34 Plafond
650 647 45 34 :
727 648 45 33 Le
800 647 140 34 Vésuve
977 648 107 42 reçoit
1124 648 43 34 de
1202 648 134 45 Jupiter
1374 648 31 33 le
1443 647 58 34 feu

574 708 58 45 qui
659 707 73 33 doit
759 718 190 23 consumer
991 707 254 43 Herculanum,
1286 708 150 44 Pompeï
1471 716 32 25 et

573 767 144 34 Stabies.
775 787 41 3 —
872 766 217 34 Voussures:
1134 767 50 33 six
1217 767 160 33 tableaux
1416 767 87 33 dont

574 835 120 37 quatre
720 826 42 33 de
789 827 121 33 scènes
936 826 43 33 de
997 826 210 42 désolation,
1229 826 58 45 puis
1287 826 36 45 :
1347 835 94 25 mort
1461 826 43 34 de

577 886 98 33 Pline
701 885 160 43 l'ancien,
906 885 98 33 Pline
1045 885 31 34 le
1114 885 104 46 jeune
1257 886 154 34 écrivant
1449 897 54 23 ses

574 945 136 34 lettres
1649 966 42 2 —
1773 945 86 35 VIII

170 1005 14 16 *
361 1005 242 43 Hennequin,
633 1004 372 44 Philippe-Auguste
1047 1003 268 47 (1763-1833).
1315 1003 41 47 -
1356 1003 146 47 L'Her-

574 1064 75 34 cule
677 1063 156 43 français.
863 1063 584 34 Plafond.
1504 1064 32 35 S.
1567 1064 69 35 des
1663 1064 195 35 Antonins

184 1124 59 45 (64
362 1124 166 42 Henner,
547 1124 296 43 Jean-Jacques.
865 1122 244 47 (1829-1905).
1139 1144 46 3 —
1207 1123 47 34 La
1273 1123 139 34 liseuse.
1468 1124 90 35 Coll.
1593 1124 230 35 Chauchard
1845 1124 15 34 1

395 2045 65 33 410
460 2045 50 33 A
609 2037 111 33 HILAIR

1334 2045 70 34 410
1504 2036 113 32 HILAIR

194 2107 69 34 410
361 2106 135 43 Hilair,
523 2107 303 44 Jean-Baptiste.
866 2108 193 38 (travaillait
1087 2116 97 25 entre
1221 2106 82 46 1781
1339 2115 34 25 et
1398 2106 106 43 1822)

576 2166 45 34 La
654 2147 843 54 lecture.
1553 2165 131 34 XVI-N

195 2224 69 35 410
289 2236 18 22 CI
430 2245 45 5 -
576 2226 44 33 La
648 2226 99 42 leçon
775 2228 42 32 de
845 2228 657 45 musique.
1558 2224 123 35 XVI-S

194 2284 69 34 410
289 2284 17 33 b
356 2285 104 42 Hirn,
488 2286 296 44 Jean-Georges.
815 2287 48 44 \1
863 2287 80 44 ïïï-
943 2287 32 44 r
975 2287 96 44 839).
1071 2287 51 44 -
1143 2286 116 33 Heurs
1280 2293 33 25 et
1331 2284 110 33 fruits.
1497 2283 54 35 S.
1551 2283 145 35 dessins
1696 2283 111 35 XIXe
1827 2284 31 35 S.

194 2343 69 35 410
288 2355 15 22 c
360 2344 91 43 Hue,
479 2345 312 46 Jean-François.
820 2346 248 44 (1751-1823).
1098 2366 42 3 -
1169 2344 148 43 Marine,
1345 2342 82 35 effet
1460 2343 43 33 de

573 2404 80 33 clair
679 2406 43 32 de
749 2405 751 34 tune.
1557 2403 149 35 Marine

194 2462 68 34 410
289 2462 20 33 il
424 2483 41 4 —
519 2463 76 34 Vue
629 2464 46 33 du
715 2473 77 36 port
832 2465 43 33 de
912 2464 155 41 Lorient,
1102 2463 89 45 prise
1221 2463 61 33 des
1314 2462 190 33 anciennes

572 2523 89 33 cales
687 2524 42 33 de
757 2523 134 35 Caudant
991 2523 33 35 ,
1651 2542 41 3 —

195 2581 69 34 410
289 2593 15 21 e
432 2602 40 3 —
527 2582 77 34 Vue
631 2583 42 33 de
700 2583 190 33 l'intérieur
916 2583 47 33 du
990 2591 77 37 port
1102 2582 43 33 de
1182 2581 109 41 Brest,
1333 2581 89 44 prise
1461 2580 44 33 de

575 2641 193 34 l'ancienne
795 2642 72 33 cale
893 2642 43 33 de
964 2641 534 34 l'Intendance.
1652 2661 40 3 —

196 2699 68 34 410
282 2699 27 44 f
436 2719 38 4 —
527 2700 77 33 Vue
631 2701 46 32 du
704 2703 119 32 même
850 2710 89 36 port,
968 2701 88 44 prise
1088 2700 43 33 de
1158 2700 31 33 la
1227 2699 72 34 cale
1325 2708 177 34 couverte,

575 2770 44 22 en
646 2760 183 44 regardant
856 2760 30 33 le
913 2760 137 33 château
1653 2780 39 3 —

195 2817 69 34 410
287 2829 22 33 g
433 2838 40 3 —
527 2818 77 33 Vue
631 2819 42 32 de
701 2818 29 33 la
757 2819 80 33 rade
864 2819 43 33 de
936 2819 107 41 Brest,
1073 2818 89 45 prise
1189 2819 46 32 du
1262 2818 158 42 château,
1458 2830 44 22 en

574 2877 182 45 regardant
784 2877 31 34 le
842 2877 655 45 goulet.,.,.
1648 2898 46 4 —
