2226 3478
435 331 59 43 56
778 331 144 51 PARIS,
959 331 157 41 MUSÉE
1147 331 238 42 NATIONAL
1421 345 58 29 DU
1512 331 186 43 LOUVRE

401 463 92 35 2892
618 463 137 43 Millet,
784 461 315 46 Jean-François.
1130 461 162 46 (1814-187
1292 461 82 46 s)-
1431 464 60 31 Les
1526 464 201 32 botteleurs.
1790 463 38 34 T.
1856 463 36 34 T.

402 523 91 35 2893
667 544 44 3 —
764 524 41 31 Le
833 533 143 23 vanneur
976 533 756 23 ..,.,.
1788 523 36 33 T.
1853 522 37 34 T.

402 583 93 35 2894
667 604 38 3 —
762 582 202 33 Précaution
993 582 193 32 maternelle
1788 582 36 34 T.
1853 582 37 34 T.

402 643 92 35 2895
667 664 41 2 —
762 644 41 31 Le
832 643 143 32 fendeur
1002 642 41 32 de
1071 641 661 33 bois.
1787 642 37 33 T.
1853 642 36 34 T.

404 702 72 42 (99)
667 724 45 3 —
766 704 41 33 Le
834 701 493 35 vanneur
1327 701 432 35 Coll.
1789 700 229 36 Chauchard
2047 700 47 34 IV

403 762 100 47 (100)
664 784 42 2 —
761 764 42 31 La
832 762 104 43 petite
964 762 773 44 bergère.,.
1890 781 40 3 —
2048 760 47 34 IV

405 822 96 47 (101)
670 844 41 2 —
766 824 42 31 La
835 822 760 40 tricoteuse
1595 822 208 40 ,
1902 840 26 3 -
2048 819 48 34 IV

405 881 96 48 (102)
668 904 45 2 —
766 882 893 45 L'Angelus
1659 882 268 45 —
2041 879 54 34 III

405 941 100 47 (103)
670 964 41 2 —
765 944 42 31 La
835 942 128 33 femme
991 952 42 21 au
1063 941 105 43 puits.
1222 940 120 34 Dessin
1888 960 44 3 —
2049 938 47 34 IV

406 1001 96 47 (104)
670 1024 40 2 —
766 1004 42 31 La
835 1003 139 44 bergère
1002 1001 146 45 gardant
1175 1012 53 21 ses
1256 1004 481 29 moutons.,.
1887 1019 44 4 —
2049 998 48 34 IV

406 1062 96 47 (105)
671 1084 41 2 —
767 1064 42 31 La
837 1061 184 44 fileuse,
1021 1061 205 44 chevrière
1226 1061 513 44 auvergnate.
1890 1079 43 3 —
2050 1057 47 35 IV

406 1123 96 46 (106)
671 1144 45 3 —
769 1124 41 31 Le
838 1133 77 33 parc
943 1125 17 29 à
989 1126 188 36 moutons;
1216 1121 81 32 clair
1330 1121 41 32 de
1399 1121 336 32 lune.
1888 1139 46 3 —
2049 1117 48 34 IV

514 1893 103 44 (181)
1236 1892 116 30 MONET

1492 1888 68 43 659
1805 1884 148 34 NATTIER

411 1978 96 47 (179;
623 1978 145 41 Monet,
798 1976 152 35 Claude,
981 1976 57 45 (né
1065 1979 17 29 à
1113 1974 89 33 Paris
1243 1971 112 47 1840).
1397 1993 45 3 —
1484 1973 41 31 La
1565 1971 178 32 charrette.

820 2038 111 32 Route
960 2047 82 22 sous
1078 2036 30 31 la
1137 2034 100 44 neige
1265 2036 17 29 à
1311 2033 423 32 Honfleur.,.
1791 2028 89 34 Coll.
1909 2026 192 35 Camondo

411 2097 96 47 (180)
677 2118 41 3 —
772 2097 148 44 Régates
947 2099 18 29 à
992 2094 225 46 Argenteuil;
1217 2094 75 46 les
1292 2094 452 46 barques,.,.,..
1896 2107 46 4 —

411 2157 97 47 (181)
676 2177 42 3 —
773 2158 42 30 Le
842 2155 118 34 bassin
989 2153 758 46 d'Argenteuil.,.
1898 2166 42 4 —

412 2217 97 47 (182)
675 2237 47 3 —
774 2217 41 31 La
844 2215 101 33 Seine
971 2218 18 29 à
1016 2213 160 34 Vétheuil
1892 2226 46 4 —

412 2276 96 47 (183)
677 2297 45 3 —
774 2277 42 31 La
844 2274 100 33 Seine
971 2277 17 30 à
1017 2273 202 34 Port-Villez
1247 2272 75 42 près
1348 2271 394 31 Vernon..,.
1894 2285 41 3 —

413 2335 96 48 (184)
678 2356 41 3 —
773 2336 42 31 La
843 2334 196 33 cathédrale
1067 2334 41 31 de
1136 2333 134 32 Rouen.
1302 2331 41 31 Le
1368 2328 136 44 portail;
1528 2333 114 37 temps
1664 2326 79 45 gris.
1894 2343 40 5 —

413 2396 96 47 (1851
678 2416 41 3 -
774 2396 42 31 La
843 2394 195 33 cathédrale
1065 2393 42 32 de
1135 2393 134 32 Rouen.
1319 2391 41 30 Le
1388 2387 136 44 portail;
1555 2386 95 33 soleil
1680 2396 69 22 ma-

821 2454 84 32 tinal
935 2471 807 17 .,.
1894 2462 40 4 -

413 2514 96 47 (186"i
676 2535 46 2 —
774 2515 42 30 La
843 2512 196 34 cathédrale
1066 2512 42 32 de
1135 2512 136 31 Rouen.
1325 2509 43 31 La
1395 2505 121 45 portail
1545 2509 32 28 et
1606 2505 29 31 la
1669 2508 77 28 tour

819 2572 182 41 d'Albane;
1031 2571 79 33 effet
1136 2570 46 33 du
1211 2568 531 33 matin.
1891 2580 46 4 —

414 2632 96 48 (187)
679 2653 41 3 —
775 2633 42 31 La
845 2631 195 33 cathédrale
1067 2631 42 32 de
1137 2631 133 31 Rouen.
1327 2628 41 30 Le
1396 2624 120 44 portail
1544 2628 33 28 et
1604 2623 30 32 la
1671 2626 77 29 tour

818 2691 184 41 d'Albane;
1031 2689 92 44 plein
1152 2687 118 34 soleil
1895 2698 39 4 —

415 2751 96 47 (188)
676 2771 46 4 —
775 2752 76 31 Bras
877 2750 42 33 de
946 2749 100 33 Seine
1075 2749 74 43 près
1176 2748 42 32 de
1245 2746 497 42 Giverny.,.
1894 2757 42 4 -

415 2811 96 47 (189)
676 2831 47 3 —
774 2811 42 31 Le
842 2809 118 33 bassin
988 2820 65 21 aux
1081 2806 210 45 nymphéas;
1320 2802 179 35 harmonie
1525 2805 217 29 verte.
1894 2816 41 4 -

415 2869 96 49 (190)
680 2889 41 4 —
775 2870 42 31 Le
843 2868 119 33 bassin
990 2879 65 21 aux
1082 2865 209 45 nymphéas;
1321 2862 179 34 harmonie
1527 2871 215 23 rose.
1897 2875 39 5 -
