2302 3482
478 482 476 62 ADDENDUM
1016 496 74 45 ET
1148 478 418 74 ERRATUM

169 788 105 43 Pages

192 858 53 31 XII
322 855 181 45 Ajouter:
558 855 118 34 Nouv.
716 854 89 43 Acq.
845 866 44 18 =
927 852 185 34 Nouvelles
1138 851 241 42 acquisitions.
1435 852 88 32 Elles

452 919 78 28 sont
557 913 305 44 temporairement
889 912 163 43 exposées
1079 912 83 32 salle
1184 912 71 40 XV,
1277 922 41 22 en
1340 911 184 33 attendant

450 975 71 31 leur
548 974 209 32 classement
783 972 163 33 définitif.

214 1045 16 33 3
323 1034 46 34 N°
397 1033 54 35 20.
479 1053 45 4 —
551 1033 91 33 Lire:
673 1032 156 41 Bidauld,
858 1036 33 29 et
918 1043 69 22 non
1017 1031 146 33 Bidault.

216 1104 15 34 5
323 1094 209 43 Boulogne,
563 1093 88 34 Bon.
681 1112 41 3 —
751 1093 158 44 Ajouter:
909 1093 88 44 S4-
1023 1092 115 40 Junon
1167 1094 33 29 et
1229 1091 285 33 Flore.
1574 1089 105 35 Vest.
1709 1088 32 36 S.
1770 1089 39 34 V.

213 1153 21 33 6
323 1154 47 33 Nu
397 1152 54 35 56.
481 1152 236 44 Boulongne.
740 1171 40 4 —
806 1151 56 32 Lire
862 1151 34 32 :
926 1150 160 33 Valentin
1109 1151 54 40 de,
1193 1154 33 29 et
1253 1161 69 22 non
1347 1149 175 33 Valentin.

213 1213 20 32 6
323 1213 233 44 Boulongne,
585 1211 181 35 Valentin
794 1211 57 34 de.
885 1231 37 2 —
950 1212 160 44 Ajouter:
1152 1209 57 32 61.
1240 1210 42 31 La
1318 1209 138 32 diseuse
1483 1209 41 32 de

451 1261 116 32 bonne
594 1263 919 29 aventure.
1573 1255 116 36 XV-S.

214 1319 19 33 6
323 1320 106 41 Boze,
470 1319 157 43 Joseph.
705 1319 32 32 S.
775 1319 57 32 NU.
888 1317 140 34 Portrait
1066 1318 42 32 de
1149 1318 158 31 Madame
1353 1317 29 41 J.
1426 1318 95 31 Boze.

451 1378 142 46 (Pastel)
631 1398 46 4 —
704 1377 467 34 Lire:.
1182 1376 104 35 Vest.
1316 1375 32 35 S.
1377 1376 35 34 E.
1442 1376 34 34 F.
1504 1376 97 34 XIXe
1629 1374 32 36 S.
1686 1375 51 34 1er
1757 1373 125 46 étage.

196 1448 34 35 13
324 1438 123 35 Corot.
501 1458 42 3 —
595 1439 161 44 Ajouter:
811 1437 32 32 S.
872 1437 58 32 N°.
986 1437 53 32 Un
1080 1436 120 33 enfant
1238 1437 42 32 de
1322 1435 54 33 la
1376 1435 147 33 famille

452 1494 277 44 Desbrochers
1561 1494 138 44 Nouv.
1699 1494 118 44 Acq.

196 1567 34 33 13
325 1557 123 34 Corot.
478 1576 42 4 —
548 1558 159 44 Ajouter:
738 1557 32 31 S.
800 1557 56 31 Nu.
888 1556 74 33 Une
990 1555 181 45 religieuse
1198 1556 42 32 de
1264 1555 259 42 l'annonciade,

452 1621 138 38 parente
618 1616 41 32 de
687 1614 99 43 la
786 1614 265 43 famille
1051 1614 398 43 Desbrochers
1449 1614 199 43 Nouv.
1648 1614 168 43 Acq.

196 1686 36 32 14
323 1676 48 33 N"
401 1675 62 45 (9).
492 1695 45 5 —
566 1675 91 33 Lire:
690 1677 60 31 Les
777 1675 170 33 chevriers
974 1676 41 32 de
1042 1675 113 33 Castel
1184 1674 186 34 Gandolfo.

196 1745 34 34 15
324 1735 48 34 N°
400 1734 78 35 145.
507 1755 42 4 -
587 1735 91 33 Lire:
711 1736 40 31 Le
790 1739 52 29 rut
869 1735 46 32 du
944 1734 205 44 printemps.
1179 1735 150 33 Combat
1355 1735 42 32 de
1424 1734 98 33 cerfs.

196 1804 34 34 15
323 1794 47 34 N"
398 1794 66 35 145
490 1804 31 23 a.
563 1814 45 4 —
649 1794 91 33 Lire:
772 1794 137 33 Remise
935 1795 42 32 de
1005 1794 194 33 chevreuils
1226 1805 43 21 au
1298 1794 154 33 ruisseau
1484 1794 42 32 de

451 1854 314 33 Plaisir-Fontaine.

197 1912 37 32 16
324 1913 46 33 N"
399 1912 77 35 176.
509 1913 153 43 Coypel,
692 1913 282 35 Noël-Nicolas.
1004 1933 40 4 —
1075 1914 42 31 La
1145 1913 78 33 date
1251 1914 41 31 de
1327 1913 180 33 naissance

451 1977 47 28 est
536 1973 85 35 16qo
648 1978 32 27 et
708 1984 68 21 non
813 1971 96 44 1692.

197 2041 36 32 19
324 2031 46 34 N"
398 2031 79 35 203.
509 2032 134 34 Debar.
672 2052 46 4 —
746 2032 90 33 Lire:
869 2033 74 32 Une
971 2032 82 33 foire
1080 2033 41 32 de
1149 2043 206 34 campagne.

193 2101 37 23 21
326 2091 247 44 Dehodencq.
604 2112 41 3 —
673 2094 162 44 Ajouter:
867 2092 32 32 S.
928 2092 57 32 Nu.
1018 2092 135 33 Marche
1180 2093 42 32 de
1250 2092 192 34 Bohémiens
1578 2091 119 35 Nouv.
1725 2091 89 43 Acq.

192 2151 42 31 26
324 2150 172 43 Drouais,
533 2151 368 45 François-Hubert.
972 2151 34 34 S.
1047 2152 57 32 N°.
1148 2152 140 33 Portrait
1339 2152 42 32 de
1419 2153 107 44 jeune

453 2210 139 33 femme.
624 2210 122 46 (ColI.
746 2210 245 46 Schlichting).
991 2210 35 46 -
1026 2210 123 46 Lire:
1181 2211 141 34 Portrait
1346 2211 54 33 de
1400 2211 126 33 Louise

454 2269 174 34 Elisabeth
656 2271 41 32 de
726 2270 113 32 Maillé
871 2271 161 41 Karman,
1063 2270 172 42 Marquise
1262 2271 42 32 de
1334 2271 118 33 Soran.

194 2328 42 33 26
326 2328 172 35 Drouais.
521 2329 31 32 S.
576 2329 56 32 N°.
659 2329 139 33 Portrait
819 2330 42 32 de
883 2331 78 31 Mme
978 2331 100 43 Loys.
1098 2350 42 3 —
1164 2329 82 34 Lire:
1266 2330 103 35 Vest.
1387 2329 32 35 S.
1437 2329 36 35 E.
1491 2330 33 34 F.
1541 2330 99 33 XIXe
1655 2329 33 34 S.
1706 2329 49 34 1er
1770 2327 114 46 étage

194 2397 38 33 33
326 2387 160 35 Girodet
512 2387 45 35 de
584 2388 132 45 Roucy
736 2389 175 35 Trioson.
946 2409 40 3 —
1014 2391 118 44 Ajouter
1132 2391 45 44 :
1207 2390 32 32 S.
1262 2390 58 32 N°.
1346 2390 60 32 Les
1427 2389 100 33 héros

452 2448 60 32 des
540 2458 137 34 guerres
704 2448 41 32 de
773 2448 31 32 la
832 2448 223 43 République
1083 2460 97 32 reçus
1208 2460 57 32 par
1292 2448 126 34 Ossian
1441 2449 87 32 dans

453 2505 52 44 le
505 2505 122 44 palais
627 2505 159 44 d'Odin.
843 2507 161 42 Esquisse
1041 2518 86 33 pour
1162 2519 45 22 un
1243 2508 144 44 plafond
1421 2509 41 32 de
1497 2509 31 31 la

456 2566 203 33 Malmaison
689 2578 68 22 non
786 2566 733 36 exécuté.
1580 2568 121 34 Nouv.
1730 2567 91 44 Acq.

195 2633 41 34 37
327 2624 166 35 Henner.
521 2644 45 4 —
592 2626 162 44 Ajouter:
786 2626 141 33 Portrait
953 2627 47 32 du
1028 2627 135 32 colonel
1193 2628 41 31 Le
1261 2627 262 35 Clerc.
1582 2627 121 35 Nouv.
1731 2627 89 44 Acq.

194 2692 37 33 41
328 2683 47 33 N°
401 2682 80 35 448.
512 2683 208 44 Lagrenée,
749 2685 451 46 Louis-Jean-François,
1238 2686 58 35 dit
1327 2685 126 36 l'aîné.
1483 2707 42 3 —

456 2743 43 32 La
526 2743 78 33 date
631 2744 42 32 de
701 2744 182 33 naissance
910 2749 51 29 est
995 2754 82 33 1725
1109 2749 32 30 et
1169 2757 69 21 non
1274 2755 97 35 1724.

193 2810 37 31 41
328 2801 206 44 Lagrenée,
550 2802 292 44 Jean-Jacques.
861 2806 36 44 -
897 2806 181 44 Ajouter:
1101 2815 82 32 451.
1208 2806 60 32 Les
1288 2805 83 33 trois
1392 2805 135 33 Grâces.

457 2849 185 46 (Attribué)
1380 2853 70 33 IIIe
1478 2852 33 35 S.
1542 2853 179 35 Meubles
1749 2853 139 34 XVIIIe
