2266 3458
536 347 142 51 PARIS,
716 347 155 42 MUSÉE
903 347 237 42 NATIONAL
1175 359 58 29 DU
1267 346 181 42 LOUVRE
1729 343 56 44 79

160 477 88 34 1007
275 489 20 20 a
370 474 197 37 Première
595 474 134 36 moitié
767 475 49 34 du
855 476 129 33 XVIIIIC
1012 476 130 34 siècle.
1179 496 45 3 —
1261 475 147 33 Portrait
1444 475 42 33 de

559 534 215 42 Guillaume,
804 535 109 33 baron
940 535 43 33 de
1011 535 288 45 Montmorency,
1328 542 93 26 mort
1442 545 44 22 en

566 603 98 35 1531,
699 594 199 45 représenté
931 605 43 22 en
1008 594 172 33 donateur
1214 594 124 44 priant.
1398 593 89 33 Vers

566 662 98 35 1525.
730 653 181 45 (Provient
947 653 43 34 de
1029 653 130 45 l'église
1197 653 48 33 St.
1282 653 124 33 Martin
1444 653 43 33 de

558 711 245 46 Montmorency)
1540 713 47 32 XI

160 771 88 35 1007
277 773 17 31 b
416 792 40 4 —
509 771 293 34 Couronnement
829 771 84 33 d'un
940 782 88 34 pape
1541 771 47 34 XI

158 830 90 35 1008
371 829 195 36 Première
594 829 134 36 moitié
757 831 50 34 du
834 831 126 33 XVIme
988 829 132 44 siècle,
1142 831 172 34 manière
1337 831 80 34 dite
1441 831 46 34 de

563 890 191 35 Corneille
793 890 46 35 de
879 890 115 45 Lyon.
1038 911 41 3 —
1122 890 147 34 Portrait
1303 891 42 32 de
1384 890 103 46 jeune

559 950 148 33 homme
749 960 42 23 en
820 949 89 43 noir,
938 961 82 22 avec
1047 958 106 37 toque
1180 950 99 33 noire
1314 951 18 31 à
1368 949 120 45 plume

560 1009 405 34 blanche.
965 1009 32 34 ,
1029 1009 32 34 ,
1174 1009 32 34 ,
1541 1010 47 33 XI

158 1068 90 34 1008
273 1080 19 21 a
417 1089 40 3 —
511 1068 146 34 Portrait
678 1068 184 34 d'homme
889 1070 18 31 à
934 1069 103 33 barbe
1064 1069 111 42 noire,
1198 1077 107 36 toque
1325 1070 19 32 à
1368 1068 118 45 plume

560 1129 106 32 ornée
693 1128 43 33 de
763 1128 597 34 médailles.,.,.
1360 1128 123 34 ,.
1539 1129 48 33 XI

159 1187 90 35 1009
419 1208 41 3 —
514 1188 147 33 Portrait
688 1188 42 33 de
752 1187 145 34 Charles
918 1188 42 33 de
983 1187 124 42 Cossé,
1130 1188 151 45 premier
1308 1188 45 33 du
1386 1199 99 31 nom,

559 1256 116 25 comte
702 1247 42 33 de
773 1247 142 43 Brissac,
944 1247 174 34 maréchal
1146 1248 43 32 de
1219 1247 265 34 hance.
1540 1248 48 33 XI

159 1306 89 34 1009
274 1318 18 21 a
415 1327 44 4 -
510 1306 147 34 Portrait
683 1307 42 33 de
751 1307 147 45 Jacques
925 1307 178 42 Berthaut,
1126 1306 201 34 contrôleur
1347 1307 139 45 général

559 1366 42 33 de
628 1366 30 33 la
685 1366 137 34 maison
850 1366 45 33 du
920 1366 564 34 roi.
1540 1367 48 33 XI

158 1424 91 35 1010
420 1446 39 2 --
513 1425 147 34 Portrait
692 1426 43 33 de
770 1427 84 40 Jean
894 1425 168 43 d'Albon,
1100 1426 163 45 seigneur
1298 1426 42 33 de
1377 1425 111 34 Saint-

560 1485 133 42 André,
734 1486 76 44 âgé,
851 1496 43 23 en
940 1493 165 25 manteau
1133 1486 88 32 brun
1249 1486 19 32 à
1294 1496 114 22 revers
1445 1485 42 33 de

560 1543 157 34 fourrure
740 1541 189 37 blanche.
929 1541 31 37 ,
1054 1541 31 37 ,
1085 1541 31 37 ,
1226 1541 31 37 :
1257 1541 31 37 ,
1540 1545 49 33 XI

159 1614 87 34 1011
419 1635 41 4 -
513 1615 147 34 Portrait
687 1616 42 33 de
755 1616 86 44 Jean
868 1616 43 33 de
940 1616 396 41 Bourbon-Vendôme,
1370 1624 118 25 comte

560 1675 211 45 d'Enghien,
795 1676 116 46 jeune,
934 1687 82 22 avec
1031 1676 103 33 barbe
1150 1675 129 34 blonde
1299 1676 186 33 naissante.
1539 1676 48 33 XI

160 1733 86 34 1011
275 1745 20 21 a
417 1754 39 3 —
510 1734 147 34 Portrait
687 1736 162 44 présumé
879 1735 42 33 de
952 1735 127 34 Louise
1102 1736 42 32 de
1167 1735 123 42 Rieux,
1313 1735 176 46 Marquise

560 1793 183 35 d'Elbeuf.
1540 1795 48 33 XI

161 1851 86 34 1011
277 1853 18 32 b
417 1873 40 2 —
511 1853 147 34 Portrait
685 1855 151 44 supposé
863 1854 42 33 de
934 1854 109 33 Henri
1070 1854 42 33 de
1145 1854 178 44 Bourbon,
1353 1855 65 32 duc
1446 1854 42 33 de

561 1913 252 44 Montpensier,
842 1925 43 22 en
914 1913 571 35 blanc.
1541 1914 48 33 XI

161 1970 89 35 1013
373 1963 113 43 École
516 1972 45 34 de
590 1972 317 35 Fontainebleau.
935 1993 46 4 —
1004 1973 480 33 Diane.
1540 1974 48 33 XI

160 2042 91 34 1014
420 2063 40 3 —
515 2043 45 33 La
606 2046 207 31 continence
858 2045 42 33 de
944 2044 140 45 Scipion
1125 2044 269 44 (Probalement
1431 2056 58 33 par

560 2103 146 33 Niccolo
732 2103 55 33 del
814 2104 673 44 Abbate).
1543 2104 48 33 IX

160 2160 83 34 1014
243 2160 51 34 a
420 2161 47 34 —
467 2161 167 34 Vénus
662 2164 18 31 à
707 2174 35 22 sa
768 2163 719 33 toilette.
1542 2162 48 34 XI

162 2231 89 34 1015
374 2225 111 42 École
525 2232 196 46 française
763 2243 48 25 ou
850 2234 192 35 flamande
1084 2234 169 35 seconde
1282 2234 134 35 moitié
1439 2234 50 34 du

562 2293 127 33 XVIme
717 2292 131 36 siècle.
887 2314 46 4 —
973 2293 147 34 Portrait
1162 2294 43 33 de
1247 2293 162 42 François
1447 2293 42 33 de

565 2352 175 42 Lorraine,
757 2353 66 33 duc
838 2353 43 33 de
896 2352 122 43 Guise,
1041 2354 58 32 tué
1114 2365 43 21 au
1172 2353 94 44 siège
1287 2352 200 42 d'Orléans,

562 2422 43 22 en
639 2411 82 45 1563
750 2439 737 6 ..,.,.
1543 2412 47 33 XI

163 2480 88 34 1017
424 2502 38 3 —
516 2482 147 33 Portrait
690 2483 42 33 de
760 2483 128 33 Michel
914 2484 43 33 de
991 2483 181 45 l'Hôpital,
1213 2482 195 34 chancelier
1446 2482 43 33 de

566 2541 126 35 France.
834 2541 31 35 ,
1039 2541 31 35 ,
1101 2541 31 35 ,
1225 2541 31 35 ,
1351 2541 31 35 ,
1543 2542 47 33 XI

163 2599 89 34 1018
278 2611 18 21 a
431 2620 29 3 —
514 2600 148 34 Portrait
688 2600 185 35 d'homme
899 2603 18 31 à
944 2601 213 45 mi-jambes,
1195 2602 42 32 de
1264 2600 84 34 trois
1374 2610 117 36 quarts

564 2661 18 31 à
608 2660 124 42 droite,
761 2660 29 33 la
821 2661 95 32 main
952 2660 112 34 droite
1100 2671 58 22 sur
1193 2660 29 33 la
1259 2660 151 42 hanche,
1447 2671 43 22 en

564 2719 179 33 vêtement
770 2719 99 33 blanc
896 2720 164 33 crémeux
1088 2719 92 33 mêlé
1206 2719 43 33 de
1277 2730 192 34 rouge.
1543 2720 47 34 XI

165 2787 89 35 1019
426 2809 39 3 -
520 2789 147 33 Portrait
693 2790 185 33 d'homme
906 2802 44 21 vu
978 2802 43 21 en
1050 2791 111 41 buste,
1190 2790 43 33 de
1260 2790 84 33 trois
1373 2799 118 37 quarts

565 2850 17 30 à
609 2848 145 44 gauche,
783 2861 46 21 un
858 2849 83 33 livre
967 2849 87 33 dans
1081 2860 53 22 ses
1161 2849 115 33 mains
1302 2849 122 46 jointes
1544 2851 47 33 XI
