2314 3458
561 320 142 49 PARIS,
739 318 156 41 MUSÉE
928 318 236 42 NATIONAL
1201 329 58 29 DU
1293 316 182 41 LOUVRE
1728 311 85 43 147

544 437 260 77 ÉCOLE
877 450 605 60 HOLLANDAISE

185 569 90 35 2298
399 568 121 42 Aelst,
549 568 156 34 Willem
733 576 76 25 van
838 566 222 45 (1026-après
1093 564 113 45 1683).
1250 585 40 3 —
1320 564 137 33 Raisins
1483 569 33 28 et

588 627 127 43 pêches
1567 623 93 34 XXV

184 688 32 33 S.
247 687 50 33 N°
396 687 119 42 Aken,
551 686 262 44 Hieronymus
866 694 86 32 van,
998 695 44 22 ou
1080 684 260 44 Hieronymus
1376 683 137 34 Bosch.

587 745 88 46 (vers
707 754 85 33 1450
817 755 45 22 ou
890 741 99 47 146o-
989 741 49 47 15
1038 741 82 47 16).
1120 741 52 47 -
1193 743 46 33 La
1261 743 61 32 nef
1343 743 60 32 des
1425 742 91 42 fous;

587 804 162 45 allégorie
773 801 217 48 (Reproduit)
1026 829 486 7 .,.,.,.,..
1569 801 111 34 XXXI

184 866 32 32 S.
246 865 45 32 N°
443 884 46 4 —
535 864 99 42 Jésus
660 863 182 43 disputant
870 873 81 22 avec
973 863 49 31 les
1044 863 162 32 docteurs
1235 861 116 46 (Ecole
1378 860 56 46 de)
1565 861 111 34 XXXI

184 924 92 35 2300
301 935 21 22 a
396 924 123 34 Arent
546 923 175 42 Arentsz,
749 922 50 33 dit
828 921 127 35 Cabel.
981 920 126 47 (1586-
1107 920 127 47 avant
1262 920 99 46 1635)
1386 941 41 3 —
1457 922 61 31 Les

588 983 918 42 pécheurs.
1564 980 113 33 XXXI

184 1042 137 36 2303.7
397 1042 135 45 Bailly,
555 1042 129 34 David.
702 1039 52 47 (1
754 1039 194 47 584-16S7).
948 1039 35 47 —
983 1039 178 47 Portrait
1181 1041 42 32 de
1242 1041 117 45 jeune
1359 1041 158 45 homme.
1572 1039 79 34 XXI

230 1759 89 37 2315
584 1754 147 32 BERCHEM

863 1751 40 34 S.
903 1751 54 34 N°
1028 1753 54 32 H.
1082 1753 108 32 BOSCH

1314 1762 90 36 2329
1554 1754 179 32 FERDINAND
1762 1754 62 31 BOL

186 1821 92 35 2304
400 1823 235 45 Bakhuysen
663 1833 48 25 ou
740 1823 273 43 Backhuysen,
1044 1823 145 35 Ludolf.
1219 1823 255 46 (1631-1708)
1474 1823 43 46 -

590 1884 140 32 Escadre
758 1882 210 34 hollandaise
1566 1883 119 34 XXIII

188 1940 85 35 2304
273 1940 52 35 a
446 1962 45 4 —
543 1944 41 31 La
614 1953 69 22 mer
710 1954 42 21 au
782 1943 395 34 Helder
1177 1943 169 34 VI
1346 1943 225 34 tr.
1571 1943 227 34 F-N

188 2000 91 35 2305
450 2022 40 3 —
546 2003 40 31 Le
614 2007 74 38 port
715 2002 801 33 d'Amsterdam.
1573 2002 113 34 XXIV

188 2059 91 35 2306
448 2080 45 5 —
545 2062 123 32 Bateau
696 2062 41 32 de
766 2062 107 42 pêche
901 2066 32 28 et
961 2061 151 34 cabotier
1140 2073 57 31 par
1225 2073 78 34 gros
1329 2066 100 39 temps
1572 2062 113 34 XXVI

188 2118 91 36 2307
447 2140 46 4 —
543 2120 162 33 Vaisseau
750 2121 769 34 hollandais.
1575 2121 94 34 XXV

190 2177 91 36 2309
449 2199 46 4 —
547 2181 109 32 Yacht
693 2180 135 45 anglais
861 2192 56 21 sur
945 2192 67 22 une
1040 2192 70 22 mer
1136 2181 380 45 agitée.
1572 2182 61 33 XX

189 2236 35 35 S.
253 2237 50 34 N°
405 2238 170 43 Bassen,
575 2238 299 43 Bartholomaeus
874 2238 108 43 van
1023 2239 97 47 (vers
1120 2239 98 47 1580
1238 2252 45 22 ou
1310 2239 208 47 1590-1652)

594 2319 42 4 —
664 2300 72 32 Vue
765 2299 179 34 intérieure
971 2300 106 33 d'une
1111 2301 129 44 grande
1276 2301 83 32 salle
1397 2300 123 45 (Genre

592 2357 68 43 de)
1571 2360 80 34 XXI

190 2415 91 35 2310
404 2417 262 43 Beerstraten,
688 2418 71 35 Jan
775 2419 248 34 Abrahamsz.
1041 2418 245 47 (1622-1666).
1302 2439 41 3 —
1361 2419 159 33 L'ancien

594 2483 74 37 port
695 2478 41 32 de
763 2479 752 33 Gênes.,.,.
1571 2479 113 34 XXIV

191 2533 91 34 2312
404 2535 469 47 Bega,CornelisPietersz.(
873 2535 234 47 1020-1664).
1107 2535 237 47 -Intérieur
1358 2539 166 41 rustique.
1575 2539 112 34 XXVI

192 2592 91 35 2315
408 2594 188 35 Berchem
622 2607 44 21 ou
697 2596 202 44 Berghem,
929 2597 111 34 Claes
1069 2597 184 34 Pietersz.
1283 2597 236 45 (1620-1083)

592 2674 45 4 —
666 2656 40 31 Le
734 2656 781 44 gué.,.,.,..
1571 2658 119 34 XXIII

193 2709 90 36 2318
451 2732 45 4 —
548 2713 41 32 La
616 2714 165 33 conduite
807 2716 61 31 des
894 2715 164 32 animaux
1085 2727 42 20 au
1156 2717 165 43 pâturage
1575 2718 112 34 XXIV

193 2768 91 35 2320
453 2791 45 4 —
550 2773 151 44 Paysage
728 2778 32 28 et
787 2774 153 45 animaux
940 2774 57 45 au
997 2774 520 45 ptlturage.,.
1574 2777 112 34 XXVI

194 2827 90 35 2322
456 2851 40 3 —
550 2832 151 44 Paysage
729 2837 32 28 et
788 2833 729 35 animaux.,..,.
1572 2837 115 33 XXIV
