2226 3477
416 368 60 45 40
761 371 146 53 PARIS,
944 373 158 42 MUSÉE
1133 374 239 43 NATIONAL
1406 388 60 29 DU
1501 376 182 42 LOUVRE

382 514 92 35 2878
575 514 152 44 Isabey,
757 515 169 44 Eugène.
969 514 248 47 (1804-1886).
1259 536 42 4 —
1342 517 60 34 Un
1443 517 153 46 mariage
1634 518 87 33 dans

789 574 131 45 l'église
947 575 43 33 de
1018 574 699 36 Delft.,.
1773 578 38 33 T.
1841 578 39 34 T.

382 633 92 36 2879
646 655 42 2 —
741 633 61 36 Un
830 634 164 45 baptême
1021 636 18 32 à
1066 634 131 46 l'église
1224 636 46 33 du
1297 635 418 46 Tréport.
1773 637 39 35 T.
1844 637 41 35 T.

382 693 92 35 2880
646 715 41 2 —
741 694 189 46 Seigneurs
957 705 58 23 sur
1041 695 32 33 la
1100 695 99 45 plage
1226 696 42 33 de
1296 696 269 46 Scheveningue
1774 696 40 36 T.
1846 696 41 36 T.

382 753 90 35 2881
646 774 42 3 —
742 754 47 33 Le
816 754 898 36 duel.,.,..,.
1772 756 40 35 T.
1844 757 40 34 T.

382 813 92 35 2882
646 834 45 4 —
744 814 47 33 La
817 814 100 33 visite
943 826 43 21 au
1014 814 140 35 château
1774 816 40 35 T.
1845 816 40 34 T.

382 873 91 35 2883
646 894 42 3 —
742 874 47 33 La
815 874 901 45 procession.
1773 876 39 34 T.
1844 875 40 35 T.

382 933 93 35 2884
646 954 42 3 —
742 934 106 33 Louis
875 934 83 33 XIII
985 946 43 22 au
1055 934 146 34 château
1229 935 43 33 de
1299 935 100 33 Blois
1774 935 40 35 T.
1845 935 40 34 T.

382 993 92 36 2953
647 1014 42 3 —
742 994 302 45 Embarquement
1080 994 42 34 de
1159 994 134 46 Ruyter
1328 1003 33 25 et
1406 995 43 33 de
1487 994 156 34 William
1681 995 42 33 de

789 1053 275 36 Witt
1064 1053 386 36 Palier
1450 1053 275 36 esc.
1725 1053 165 36 T.
1890 1053 168 36 T.

383 1113 101 35 2953
484 1113 62 35 a
645 1134 43 3 —
741 1113 118 34 Marée
888 1114 829 34 basse.
1869 1133 42 4 —

383 1173 93 35 2954
647 1194 42 3 —
744 1173 46 34 Le
818 1182 86 36 pont
1517 1174 38 34 E.
1587 1174 37 34 F.
1653 1174 99 33 XIXe
1780 1173 35 35 S.
1857 1174 35 34 2e
1920 1174 113 43 étage
2063 1170 16 33 1

624 2022 49 34 S.
673 2022 66 34 Nu
840 2024 106 31 INGRES

1264 1883 65 33 430
1329 1883 50 33 a
1831 1874 130 39 JACQUE

386 2136 91 35 2955
603 2137 150 43 Isabey,
783 2136 166 44 Eugène.
979 2133 247 46 (1804-1886).
1258 2154 41 5 —
1329 2134 134 34 Marine
1516 2134 37 35 E.
1594 2134 36 34 F.
1660 2134 97 34 XIXe
1784 2133 36 36 S.
1861 2133 37 35 2e
1924 2133 112 44 étage
2064 2132 17 35 I

396 2197 80 44 (65)
647 2216 42 3 —
742 2196 144 33 Arrivée
913 2195 46 33 du
986 2195 66 33 duc
1079 2194 126 34 d'Albe
1231 2196 19 31 à
1278 2195 219 32 Rotterdam.
1539 2193 94 35 Coll.
1663 2192 239 43 Chauchard,
1932 2192 47 34 IV

398 2256 80 44 (66)
651 2275 42 4 —
746 2255 46 33 Le
819 2255 168 44 déjeuner
1013 2254 42 33 de
1083 2254 30 33 la
1140 2251 352 45 reine
1492 2251 117 45 —
1609 2251 471 45 galerie

398 2314 77 46 (67)
654 2334 42 4 —
750 2312 977 47 L'emprisonnement
1727 2312 115 47 —
1842 2312 116 47 I

401 2374 72 45 (68)
652 2394 42 4 —
749 2374 47 33 La
823 2374 105 33 sortie
955 2374 43 33 de
1025 2369 186 49 l'église
1873 2369 41 49 -
1914 2369 167 49 galerie

399 2434 77 44 (69)
649 2454 42 3 —
745 2434 47 33 Le
819 2433 153 45 mariage
1000 2428 864 50 royal..,.
1864 2428 43 50 -
1907 2428 173 50 galerie

387 2494 33 35 S.
451 2494 51 33 N°
585 2494 151 43 Isabey,
764 2492 312 44 Jean-Baptiste.
1105 2489 249 47 (1767-1855).
1384 2509 42 5 —
1448 2489 79 34 Vue
1549 2489 47 33 du
1617 2489 108 45 grand

793 2552 141 33 escalier
960 2552 46 32 du
1035 2551 121 33 Musée
1183 2551 47 32 du
1258 2550 150 41 Louvre,
1436 2548 170 34 construit
1642 2558 84 23 sous

793 2611 31 34 le
851 2611 150 45 premier
1027 2610 142 45 Empire
1196 2621 59 34 par
1282 2609 136 33 Percier
1444 2616 32 25 et
1506 2607 210 34 Fontaine..

796 2663 559 52 (Gouache)
1355 2663 335 52 Vest.
1690 2663 167 52 S.
1857 2663 169 52 V.

413 2731 69 35 430
582 2731 205 41 Jacobber,
815 2730 121 34 Jacob
966 2730 85 42 Ber,
1079 2729 60 33 dit.
1176 2726 250 46 (1786-1863).
1463 2745 42 5 —
1541 2726 120 33 Fleurs
1691 2733 45 26 et-

794 2788 475 34 fruits.
1269 2788 32 34 ,
1671 2784 34 35 S.
1737 2783 155 35 dessins
1918 2783 98 33 XIXe
2042 2781 36 35 S.

401 2850 79 43 (70)
604 2849 160 43 Jacque,
794 2848 174 34 Charles.
1013 2845 246 46 (1813-1894).
1300 2865 45 5 -
1378 2845 169 33 Moutons
1586 2855 42 23 au
1671 2845 56 43 pâ-

794 2915 123 36 turage
1644 2902 92 35 Coll.
1767 2899 236 42 Chauchard,
2032 2898 48 35 IV
