2260 3467
546 340 141 51 PARIS,
726 339 155 42 MUSÉE
913 339 238 42 NATIONAL
1185 351 59 29 DU
1280 338 183 42 LOUVRE
1726 334 87 42 'j2U

183 470 90 35 1914
402 470 189 34 Biouwer
621 479 47 23 ou
705 469 197 38 Brauwer,
941 468 178 34 Adriaen.
1173 466 105 46 \1605
1312 477 46 23 ou
1403 465 106 35 1606-

591 527 115 45 1638).
735 547 46 4 —
808 527 59 34 Un
907 527 109 33 scribe
1056 526 132 34 taillant
1222 538 34 22 sa
1284 526 112 45 plume
1569 526 63 33 XX

182 589 89 34 1915
442 609 39 3 —
536 588 44 33 Le
608 595 207 37 pansement
844 586 211 45 (D'après)
1558 585 61 33 XX

183 648 88 35 1916
442 668 41 3 —
537 647 46 33 Le
611 646 139 34 fumeur
776 657 46 23 ou
850 645 183 35 l'odorat
1562 645 62 33 XX

181 708 90 34 1917
395 707 166 44 Bruegel
587 717 47 23 ou
662 706 205 44 Brueghel,
897 706 151 41 Peeter,
1076 705 49 33 dit
1164 706 35 33 le
1236 705 129 34 vieux.
1405 713 106 37 1,1525

581 777 47 22 ou
662 764 222 46 1528-1569).
907 785 41 3 —
974 764 63 34 Les
1058 764 202 34 mendiants
1280 764 43 33 de
1342 763 31 34 la
1395 763 119 34 «Con-

582 824 99 35 frérie
708 825 61 33 des
796 824 176 33 Ribauds»
1567 823 94 33 XXX

181 886 89 35 1917
295 898 21 21 a
437 906 45 4 —
533 885 45 33 La
606 884 160 46 parabole
792 884 62 33 des
880 884 164 44 aveugles
1071 883 434 45 (D'après).
1565 882 93 34 XXX

181 946 90 34 1917
298 946 18 32 b
437 965 45 4 —
533 945 92 33 Cour
651 945 42 32 de
721 943 122 43 ferme,
874 955 58 33 par
958 954 69 22 une
1055 943 153 33 matinée
1235 942 144 34 d'hiver
1563 942 94 33 XXX

181 1005 89 35 1919
393 1005 203 44 Brueghel,
624 1004 84 41 Jan,
736 1003 48 33 dit
812 1003 46 35 de
893 1003 176 34 Velours.
1113 1001 319 47 (1568-1625—
1466 1001 44 33 La

583 1073 100 33 terre,
712 1074 46 22 ou
786 1063 30 33 le
845 1062 140 34 Paradis
1012 1071 160 25 terrestre
1269 1062 129 45 Figures
1419 1061 93 33 attri-

583 1124 104 32 buées
713 1124 19 32 à
762 1122 156 34 Hendrik
946 1134 67 21 van
1043 1120 119 35 Baleni
1565 1119 146 34 XXXIV

181 1184 89 35 1920
443 1204 41 3 —
539 1182 99 43 L'air,
667 1193 46 23 ou
740 1182 207 45 l'optique
1565 1179 145 34 XXXIV

161 2091 30 26 10
191 2091 51 26 "51
258 2085 328 31 PH.DELHAMPAILJNE

744 2093 30 25 2
774 2093 60 25 MU
959 2088 82 29 UIRK
1069 2088 109 29 BOUTS

1358 2092 88 35 105»
1475 2084 59 33 PH.
1559 2095 37 22 DF
1617 2095 214 22 LHAMPAIGNE

180 2140 88 35 1921
396 2141 207 44 Brueghel,
631 2141 85 40 Jan,
746 2142 48 33 dit
823 2142 45 35 de
892 2142 176 35 Velours.
1103 2142 258 46 (1568-1625).
1394 2164 40 3 -
1465 2143 46 33 La

584 2201 135 33 bataille
746 2201 758 38 d'Arbelles.
1562 2204 147 33 XXXIV

182 2259 90 35 1922
442 2280 40 3 —
536 2259 77 35 Vue
639 2260 43 34 de
708 2260 127 34 Tivoli.
891 2261 218 45 (Attribué)
1565 2263 145 34 XXXIV

183 2318 89 35 1923
442 2340 40 3 —
537 2319 44 34 La
608 2329 184 25 rencontre
818 2322 78 43 près
921 2321 46 33 du
996 2321 136 33 moulin
1183 2321 250 46 (Attribué
1433 2321 76 46 <
1567 2322 145 34 XXXIV

182 2378 91 34 1924
440 2399 44 4 —
538 2379 44 33 Le
610 2379 291 46 débarquement
1565 2382 146 34 XXXIV

183 2437 89 35 1925
442 2459 40 3 —
537 2439 45 33 Le
610 2439 112 45 pont
722 2439 67 45 de
789 2439 723 45 Talavera.
1569 2441 127 34 XXXV

183 2496 89 35 1926
442 2518 41 3 —
537 2498 47 34 Le
611 2509 150 34 paysage
787 2510 44 22 au
859 2499 138 33 moulin
1024 2501 19 31 à
1069 2509 100 25 vent
1568 2501 125 33 XXXV

182 2556 89 34 1927
396 2557 271 45 Champaigne,
697 2558 174 44 Philippe
900 2559 47 34 de
990 2558 211 44 1602-1671
1264 2578 40 4 -
1344 2559 46 33 Le
1417 2570 98 34 repas

583 2617 83 33 chez
693 2617 125 34 Simon
846 2618 30 33 le
904 2617 604 36 Pharisien.,
1568 2619 47 34 VI
1642 2624 49 30 tr.
1721 2620 67 35 E-S

183 2674 90 35 1929
427 2678 55 21 0'.
535 2675 239 44 Jésus-Christ
794 2677 174 34 célébrant
989 2677 48 45 la
1037 2677 115 45 pâque
1169 2688 82 24 avec
1272 2688 55 23 ses
1341 2678 171 45 disciples.
1565 2679 68 34 XII

186 2733 88 35 1930
444 2754 40 4 -
540 2735 44 33 Le
612 2734 118 35 Christ
755 2747 44 22 en
826 2736 130 35 croix
1562 2738 123 35 XIV-S

184 2792 86 35 1931
444 2814 39 3 —
538 2793 46 35 Le
584 2793 126 35 Christ
724 2806 43 22 en
783 2795 106 42 croix,
906 2796 181 33 réduction
1102 2796 46 33 du
1163 2796 135 33 tableau
1315 2797 198 44 précédent.
1567 2798 67 34 XII

185 2851 88 35 1932
442 2873 45 4 -
539 2853 46 33 Le
613 2853 119 33 Christ
760 2863 105 32 mort,
894 2854 134 34 couché
1055 2866 57 22 sur
1139 2866 64 22 son
1232 2855 276 36 linceul.
1566 2857 123 36 XIV-S
