2228 3472
398 333 59 44 20
749 335 144 52 PARIS,
930 335 157 43 MUSÉE
1119 337 239 43 NATIONAL
1392 351 60 30 DU
1485 338 184 43 LOUVRE

362 465 92 35 2836
559 464 202 45 Decamps,
800 466 410 36 Alexandre-Gabriel.
1260 468 247 46 (1803-1860).
1557 490 40 3 —
1643 469 64 34 Les

772 527 236 36 nlendiants
1755 529 36 35 T.
1820 529 38 35 T.

363 583 92 36 2837
628 605 43 4 —
725 585 230 46 Bouledogue
982 595 33 25 et
1042 587 119 33 terrier
1188 588 176 35 écossais
1757 590 36 33 T.
1822 590 36 34 T.

363 644 92 35 2838
630 665 42 4 —
726 646 46 33 Le
799 646 91 33 valet
918 646 42 33 de
987 646 712 37 chiens.
1757 650 36 33 T.
1822 650 37 34 T.

363 704 93 36 2839
629 725 42 4 —
725 706 151 37 Chiens
876 706 823 37 brifauts,.
1758 710 36 34 T.
1823 710 37 34 T.

363 764 93 36 2840
626 785 46 5 —
724 766 173 45 Eléphant
924 776 33 24 et
985 767 86 43 tigre
1098 769 19 31 à
1144 767 30 34 la
1201 778 504 25 source.
1764 770 36 33 T.
1823 770 35 33 T.

363 824 90 36 2841
630 847 40 3 —
724 826 167 34 Bertrand
920 833 31 27 et
981 827 716 35 Raton.,.
1758 829 36 34 T.
1824 829 36 34 T.

364 884 92 36 2842
627 905 47 6 —
726 886 46 33 La
800 897 84 23 cour
911 887 43 33 de
983 887 718 36 ferme.
1760 889 36 34 T.
1825 889 36 34 T.

390 944 59 36 35)
628 965 46 5 —
726 946 46 33 Le
794 946 192 34 marchand
1013 956 73 24 turc
1107 946 139 35 fumant
1266 948 87 33 dans
1373 959 36 22 sa
1436 948 179 45 boutique.
1652 948 90 35 Coll.
1757 949 241 42 Chauchard,
2015 948 49 35 IV

378 1004 72 41 i36)
631 1025 45 5 —
728 1006 47 34 Le
803 1007 192 33 marchand
1023 1006 346 47 d'oranges.
1369 1006 40 47 ,
1850 1028 45 5 —
1915 1009 147 44 galerie

379 1065 72 42 (37)
634 1087 41 3 —
729 1066 170 34 Intérieur
926 1067 42 33 de
996 1078 85 22 cour
1108 1068 591 45 rustique.,.
1856 1088 40 4 —
2015 1068 48 34 IV

378 1125 72 46 (38i
633 1146 41 4 —
729 1126 46 34 Le
803 1126 118 34 Christ
949 1138 43 22 au
1021 1127 493 46 prétoire
1514 1127 109 46 —
1623 1127 440 46 galerie

369 1197 95 45 158>
561 1198 137 45 Degas,
727 1198 137 45 Edgar.
895 1198 21 45 1
916 1198 21 45 1
937 1198 21 45 g
958 1198 31 45 31
989 1198 21 45 -
1010 1198 21 45 1
1031 1198 31 45 l)
1062 1198 21 45 l
1083 1198 57 45 7).
1165 1219 41 4 —
1229 1199 135 34 Course
1382 1200 43 33 de
1453 1199 209 34 Gentlemen
1662 1199 42 34 -

776 1259 117 33 Avant
920 1259 31 33 le
979 1259 360 45 départ
1339 1259 309 45 Coll.
1648 1259 414 45 Camondo

367 1317 96 40 (159^
633 1338 41 4 —
729 1318 46 34 La
803 1322 134 30 femme
964 1321 18 31 à
1010 1319 29 33 la
1067 1319 237 45 potiche.
1304 1319 39 45 ,
1856 1339 40 4 -

367 1378 96 44 (160)
630 1398 46 5 —
728 1378 46 33 Le
803 1378 100 46 foyer
930 1379 42 33 de
1000 1379 30 33 la
1058 1379 108 33 danse
1193 1381 18 31 à
1238 1379 143 45 l'Opéra
1413 1380 43 33 de
1494 1379 29 33 la
1563 1391 59 21 rue
1661 1379 45 33 Le

775 1438 149 34 Peletier
954 1466 191 7 .,
1854 1459 45 4 -

367 1498 96 34 1I6I)
634 1518 45 4 —
731 1498 46 34 Le
804 1498 896 45 pédicure.
1856 1518 40 4 -

382 1557 81 37 162)
631 1579 42 3 —
726 1558 201 45 Répétition
955 1558 83 34 d'un
1066 1559 103 33 ballet
1196 1570 57 23 sur
1279 1559 31 33 la
1336 1561 114 33 scène
1856 1578 40 4 -

383 1618 81 35 163)
631 1638 46 4 —
729 1618 121 34 Classe
877 1619 42 33 de
947 1619 129 34 danse
1856 1638 41 4 -

368 1678 96 39 1164)
632 1699 46 4 —
730 1678 969 34 L'absinthe.
1856 1698 41 3 —

368 1738 96 45 165)
632 1758 46 4 —
730 1739 139 32 Devant
897 1738 48 33 les
972 1738 323 35 tribunes.
1295 1738 40 35 ,
1854 1756 45 5 -

369 1797 59 47 1166
428 1797 36 47 )
632 1817 42 5 —
728 1798 83 33 Aux
826 1809 152 22 courses.
1001 1798 151 46 Jockeys
1166 1807 176 25 amateurs
1356 1800 77 43 près
1447 1798 105 33 d'une
1574 1799 135 32 voiture
1858 1817 40 4 —

369 1857 96 40 167)
634 1877 41 4 —
729 1858 203 33 Danseuses
960 1867 165 24 montant
1151 1870 48 22 un
1227 1858 170 34 escalier
1856 1876 40 4 —

369 1917 96 46 168)
633 1938 42 3 —
728 1917 66 34 Les
819 1929 882 33 repasseuses.
1856 1936 41 4 —

369 1977 96 46 217)
634 1997 41 4 —
729 1977 46 34 La
803 1978 183 33 Danseuse
1012 1989 43 22 au
1084 1978 154 45 bouquet
1265 1977 135 34 saluant
1427 1989 57 22 sur
1522 1977 29 33 la
1590 1979 114 32 scène.

780 2037 153 34 Pastel
1855 2055 41 4 —

370 2097 96 37 (218)
634 2117 41 4 —
730 2098 183 33 Danseuse
940 2108 67 22 vue
1034 2097 43 33 de
1104 2097 76 33 dos.
1236 2097 140 34 Dessin
1856 2115 40 3 —

370 2158 96 45 v219)
637 2177 40 4 —
731 2157 172 33 Danseuse
903 2157 154 33 tenant
1084 2168 48 21 un
1161 2157 168 44 bouquet.
1387 2156 61 33 Fin
1482 2156 225 45 d'arabesque

776 2216 923 34 Pastel.
1853 2233 45 6 -

371 2289 95 34 1220)
632 2308 47 4 —
730 2288 46 33 Le
804 2287 268 34 Café-Concert.
1101 2287 115 34 Pastel
1854 2305 41 4 -

371 2348 96 45 (221)
635 2368 42 4 —
730 2348 113 44 Après
869 2347 31 34 le
928 2348 90 33 bain.
1057 2367 41 4 —
1128 2347 145 33 Femme
1306 2346 195 45 s'essuyant
1536 2346 49 33 les
1612 2346 97 45 pieds
1855 2364 41 4 -

371 2408 96 46 (222*
636 2427 42 4 —
732 2407 46 34 Le
805 2408 893 33 tub.
1855 2424 41 3 —

372 2468 59 36 1223
431 2468 36 36 >
639 2487 46 4 —
736 2467 103 34 Trois
866 2468 122 32 études
1015 2467 42 33 de
1085 2466 30 34 la
1142 2468 68 32 tête
1237 2466 106 33 d'une
1363 2466 184 33 danseuse.
1578 2465 127 33 Dessin
1852 2483 45 4 -

372 2527 95 46 (224)
633 2547 46 4 —
732 2527 145 33 Femme
898 2527 87 33 dans
1005 2538 70 21 une
1093 2526 179 45 baignoire
1292 2525 228 45 s'épongeant
1540 2524 30 33 la
1592 2523 114 46 jambe

802 2586 896 33 Pastel.
1854 2602 42 3 —

373 2658 95 46 1225)
639 2679 39 2 —
734 2658 145 33 Femme
914 2666 146 36 prenant
1102 2668 47 22 un
1194 2657 61 33 tub
1299 2656 86 33 dans
1431 2666 34 22 sa
1513 2655 189 43 baignoire.

779 2717 156 34 Dessin
1853 2732 41 3 —

373 2789 96 45 (226^
638 2808 40 4 -
732 2789 113 44 Après
872 2788 31 34 le
931 2789 112 32 bain.
1043 2789 57 32 -
1134 2788 145 33 Femme
1322 2787 194 45 s'essuyant
1557 2786 30 33 le
1625 2797 78 21 cou.

780 2848 919 33 Pastel.
1850 2862 46 4 -
