2222 3480
418 351 58 43 62
759 353 143 52 PARIS,
939 353 158 42 MUSÉE
1130 353 238 43 NATIONAL
1404 366 59 29 DU
1497 353 183 42 LOUVRE

408 483 67 34 752
600 483 204 43 Prud'hon,
828 483 145 35 Pierre.
997 482 32 47 (
1029 482 211 47 1758-182-}).
1240 482 32 47 -
1272 482 164 47 Portrait
1464 484 41 32 de
1525 485 78 31 Mme
1619 485 101 40 Jarre.
1772 484 132 34 XVI-N

409 543 68 35 753
650 564 41 3 —
746 543 141 34 Portrait
914 544 42 32 de
981 545 106 44 jeune
1118 544 599 34 homme.
1774 544 130 33 XVI-N

409 602 68 35 754
648 624 46 3 —
746 603 142 33 Portrait
915 604 46 32 du
991 605 106 31 baron
1128 604 136 40 Denon,
1294 603 169 33 directeur
1497 603 136 45 général
1662 604 60 32 des

793 663 149 41 Musées,
974 664 154 32 membre
1156 663 41 32 de
1226 663 335 34 l'Institut.
1561 663 35 34 ,
1778 662 123 35 XVI-S

409 722 68 35 755
649 744 41 3 —
745 723 141 33 Portrait
912 724 41 31 de
996 722 323 46 Marie-Marguerite
1366 722 147 46 Lagnier
1552 722 171 46 (devenue

794 784 79 44 plus
910 783 73 33 tard
1013 784 80 31 Mille
1120 781 591 47 Versigny),.
1770 781 123 35 XVI-S

410 843 67 35 756
651 864 41 3 —
747 842 258 33 L'enlèvement
1031 843 42 32 de
1103 842 612 44 Psyché.
1773 841 123 35 XVI-S

411 903 67 34 757
652 923 42 3 —
747 902 242 43 Composition
1019 902 226 45 allégorique,
1270 914 40 20 en
1327 902 186 33 l'honneur
1534 902 45 32 du
1604 902 121 32 maria-

794 975 41 32 ge
857 963 40 32 de
915 962 178 43 Napoléon
1118 963 40 30 1er
1177 973 82 21 avec
1282 961 259 42 Marie-Louise;
1556 961 168 42 esquisse.
1777 961 125 34 XVI-S

411 1022 67 36 758
651 1044 41 3 —
747 1024 42 31 La
816 1024 143 43 Sagesse
982 1027 32 28 et
1035 1023 31 31 la
1088 1022 112 33 Vérité
1228 1022 213 33 descendent
1469 1033 55 21 sur
1551 1022 31 32 la
1610 1021 112 33 Terre.
1776 1021 127 34 XVI-E

411 1083 67 35 758
505 1095 18 21 a
650 1104 41 2 —
739 1084 108 41 Jeune
876 1083 157 43 nymphe
1060 1081 131 33 lutinée
1220 1093 56 32 par
1303 1082 60 32 des
1390 1084 142 31 Amours
1774 1080 123 35 XVI-S

412 1143 67 35 759
652 1164 41 3 -
747 1143 209 33 Portrait'de
985 1144 44 30 M.
1061 1142 111 33 Vallet
1768 1141 126 33 XVI-E

386 1205 33 32 S.
448 1204 46 32 Nu
653 1223 42 4 —
741 1204 109 40 Jeune
878 1203 134 44 Zéphyr
1033 1213 34 21 se
1095 1202 186 43 balançant
1303 1202 190 32 au-dessus
1514 1202 41 32 de
1577 1201 100 33 l'eau.
1718 1201 90 34 Coll.
1837 1200 244 43 Schlichting

708 2133 66 34 753
844 2120 172 35 PRUD'HON

1379 2118 64 41 7G6
1443 2118 49 41 h
1758 2115 131 30 RIGAUD

394 2238 34 33 S.
458 2238 51 33 N"
610 2237 204 41 Prud'hon,
844 2235 143 34 Pierre.
1014 2230 236 49 (17=18-1823)
1278 2251 45 4 —
1352 2230 163 43 Eutorpe.
1556 2227 171 34 Pandore.

801 2295 136 33 Vénus.
968 2293 85 34 Eros
1080 2294 18 31 à
1125 2302 154 35 genoux.
1319 2290 172 33 Minerve.
1533 2288 85 32 Eros
1644 2286 86 33 dans

801 2355 48 33 les
876 2354 77 33 airs.
995 2373 45 3 —
1077 2359 19 25 à
1134 2351 134 34 dessins
1295 2350 81 42 dans
1376 2350 49 42 1
1457 2347 127 45 grands
1611 2345 118 34 cadres

802 2426 43 21 en
866 2403 568 44 hauteur
1434 2403 427 44 Esc.
1890 2402 36 33 T.
1955 2401 36 33 T.

396 2476 67 35 749
662 2496 35 3 —
755 2474 113 33 Diane
895 2472 113 46 priant
1032 2471 135 45 Jupiter
1193 2470 42 33 de
1272 2481 43 21 ne
1351 2478 58 35 pas
1445 2465 181 46 l'assujétir
1663 2475 67 22 aux

802 2533 65 34 lois
894 2533 42 32 de
963 2531 186 45 l'Hymen;
1178 2529 154 46 esquisse
1359 2527 45 33 du
1445 2524 142 47 plafond
1621 2524 42 32 de
1700 2522 30 33 la

801 2592 82 35 salle
910 2602 582 35 grecque.
1492 2602 41 35 ,
1533 2602 189 35 .,
1780 2579 131 35 XVI-N

395 2655 14 15 *
662 2673 40 4 —
759 2653 118 33 Même
904 2651 90 46 sujet
1020 2661 67 34 que
1114 2649 31 34 le
1172 2648 197 45 précédent.
1424 2643 149 34 Plafond
1783 2639 32 35 S.
1845 2647 168 36 grecque

394 2714 15 16 *
660 2734 44 3 -
757 2712 102 33 Deux
887 2710 131 34 Génies
1045 2709 61 34 des
1132 2716 81 25 arts.
1263 2704 191 35 Médaillon
1475 2703 46 33 du
1542 2701 155 46 plafond.
1737 2699 31 35 S.
1798 2699 68 34 des
1893 2696 191 35 Antonins

422 2773 68 35 760
614 2773 137 43 Puget,
781 2770 196 45 François.
1006 2766 180 48 (?-1707)-
1218 2786 41 4 —
1289 2764 139 34 Portrait
1454 2763 42 33 de
1530 2762 104 32 Pierre
1668 2761 63 31 Pu-

805 2835 70 40 get,
905 2830 820 42 sculpteur.:.-.------
1782 2816 129 35 XIV-N

423 2892 64 35 761
662 2911 42 3 —
758 2889 159 34 Portraits
943 2889 42 32 de
1014 2887 171 44 plusieurs
1213 2883 189 34 musiciens
1429 2886 33 29 et
1488 2881 133 33 artistes
1780 2875 105 35 XV-0
