2248 3464
496 347 142 51 PARIS,
676 346 156 42 MUSÉE
863 346 238 42 NATIONAL
1135 357 59 30 DU
1228 344 184 42 LOUVRE
1691 342 54 44 51

146 478 68 35 614
336 476 214 45 Manglard,
577 475 155 35 Adrien.
763 474 271 46 (1695-1760).
1034 474 41 46 —
1075 474 189 46 Marine,
1294 473 81 34 effet
1408 473 42 34 de

524 535 79 34 clair
630 535 42 33 de
699 534 561 34 lune.,.,.
1260 534 34 34 ,
1294 534 34 34 ,
1362 534 34 34 ,
1396 534 51 34 ,
1505 533 150 35 Marine

146 597 67 35 615
336 596 196 42 Marilhat,
579 595 179 42 Prosper.
798 592 244 46 (1811-1847).
1084 614 46 4 —
1171 593 131 34 Ruines
1338 593 42 33 de
1419 592 31 33 la

524 655 169 44 mosquée
705 653 45 33 du
763 652 128 34 khalife
908 652 151 44 Hakem,
1073 664 43 22 au
1128 653 108 33 Caire.
1268 653 35 34 E.
1326 653 36 34 F.
1386 653 96 34 XIXe
1504 652 34 35 S.
1567 652 49 34 1er
1636 652 114 44 étage
1773 652 34 34 II

146 715 67 35 615
239 728 21 20 a
382 736 41 3 —
476 715 130 44 Paysage
606 715 50 44 :
710 721 169 25 moutons
918 712 221 34 s'abreuvant
1175 713 86 33 dans
1297 724 70 22 une
1409 712 42 33 ri-

524 774 684 33 vière.
1268 772 37 34 E.
1337 772 33 34 F.
1400 772 97 34 XIXe
1524 771 32 35 S.
1586 771 36 34 2e
1650 770 114 46 étage
1794 771 14 34 1

121 834 34 34 S.
184 834 51 34 N°
381 854 40 3 —
474 833 169 45 Paysage,
671 831 98 35 soleil
795 831 649 35 couchant.
1504 831 148 35 Marine
1680 831 15 34 1

145 894 68 35 617
335 893 154 42 Martin,
513 892 280 35 Pierre-Denis.
817 891 101 45 (Vers
944 889 233 47 1673-1742).
1177 889 38 47 -
1215 889 138 47 Louis
1368 891 83 33 XIV

523 963 36 22 se
592 952 146 33 rendant
784 952 18 32 à
846 950 130 46 l'église
1021 950 61 34 des
1127 950 174 34 Invalides
1337 950 31 34 le
1413 960 38 32 14

524 1011 108 46 juillet
663 1020 81 35 1701
1499 1010 82 35 Esc.
1610 1010 118 34 Henri
1756 1010 34 34 II

121 1071 14 15 *
335 1072 161 41 Matout,
519 1071 125 34 Louis.
669 1069 70 46 (18
739 1069 35 46 1
774 1069 35 46 1
809 1069 35 46 -
844 1069 123 46 1888).
967 1069 35 46 -
1002 1069 234 46 L'assemblée
1251 1070 61 33 des
1332 1070 116 33 dieux.

528 1130 916 34 Plafond.
1505 1129 32 35 S.
1567 1129 209 44 d'Auguste

146 1190 67 35 619
337 1190 230 42 Mauzaisse,
595 1189 307 44 Jean-Baptiste.
941 1187 242 47 (1784-1844).
1222 1209 42 5 —
1303 1188 149 34 Portrait

524 1249 43 34 de
593 1249 31 34 la
651 1251 95 32 mère
773 1249 42 34 de
843 1249 356 34 l'auteur.
1260 1249 35 34 E.
1325 1248 34 35 F.
1387 1249 98 33 XIXe
1512 1248 32 35 S.
1574 1248 49 34 1er
1650 1247 115 45 étage
1794 1248 15 34 1

121 1308 13 15 *
382 1329 46 5 —
479 1309 187 34 L'homme
693 1308 114 34 formé
843 1320 59 34 par
937 1308 213 34 Prométhée
1178 1317 32 25 et
1246 1308 118 34 animé
1392 1320 59 33 par

524 1369 168 33 Minerve.
772 1369 244 33 Restauration
1055 1368 43 34 de
1143 1368 30 33 la
1212 1368 158 45 peinture
1408 1368 43 33 de

526 1427 230 46 Berthélemy.
810 1427 553 35 Plafond.
1424 1427 175 35 Rotonde
1629 1427 46 35 de
1705 1427 104 34 Mars

121 1487 13 14 *
385 1508 41 4 —
480 1488 182 33 Peintures
688 1499 44 22 en
759 1487 148 46 grisaille
934 1488 86 33 dans
1048 1487 48 34 les
1123 1487 201 45 pendentifs
1351 1487 42 34 de
1420 1487 31 33 la

524 1548 119 41 voûte,
684 1559 82 22 avec
802 1547 127 45 figures
975 1547 203 33 d'hommes
1212 1547 59 46 qui
1312 1555 140 37 portent

521 1615 120 37 quatre
668 1607 208 34 médaillons
1105 1607 106 34 Vest.
1240 1607 149 35 Galerie
1413 1607 209 43 d'Apollon,
1646 1606 162 43 coupole

121 1664 13 16 *
386 1686 39 3 —
479 1665 167 35 Plafond:
677 1666 29 34 le
733 1666 145 45 Temps.
910 1687 41 3 —
980 1666 220 34 Voussures:
1242 1666 49 34 les
1330 1674 121 38 quatre

523 1726 147 33 saisons.
701 1747 41 3 -
772 1726 132 34 Dessus
931 1726 42 33 de
1001 1735 97 36 portes
1098 1735 42 36 :
1171 1726 48 34 les
1246 1734 120 37 quatre
1384 1726 68 34 élé-

524 1794 129 25 ments.
685 1806 41 3 -
756 1785 213 34 Entre-deux
997 1786 42 33 de
1079 1785 172 35 fenêtres:
1293 1786 49 33 les
1368 1794 81 34 arts,

524 1844 48 34 les
598 1845 165 42 sciences,
793 1845 30 34 le
850 1856 213 32 commerce,
1092 1846 30 33 la
1149 1857 113 34 guerre
1402 1845 34 35 S.
1466 1845 134 44 bijoux
1627 1845 182 44 antiques

121 1902 13 16 *
384 1924 41 3 —
480 1904 215 34 Voussures:
725 1904 182 46 Trophées
934 1905 150 34 d'armes
1118 1917 45 22 ou
1200 1906 159 33 attributs
1393 1916 59 23 en-

523 1964 141 34 cadrant
690 1964 49 34 les
765 1964 108 35 tables
900 1965 42 34 de
970 1965 31 33 la
1028 1965 74 34 Loi.
1133 1986 42 3 —
1217 1965 127 34 Plafond
1344 1965 48 34 :
1421 1964 31 34 la

522 2023 145 46 Sagesse
693 2024 117 34 divine
837 2024 160 35 donnant
1023 2025 62 34 des
1123 2024 65 35 lois
1214 2036 67 23 aux
1314 2025 69 34 rois
1420 2032 33 26 et

524 2095 65 21 aux
617 2083 265 46 législateurs
1310 2085 70 34 IIIe
1408 2084 32 35 S.
1470 2084 179 35 mobilier
1674 2084 136 34 XVIIIe

145 2140 68 36 620
336 2142 145 44 Mayer,
510 2142 74 35 Mlle
612 2143 228 36 Constance.
880 2143 243 45 (1778-1821).
1155 2165 40 3 —
1239 2144 213 34 L'heureuse

523 2204 921 34 mère.
1502 2202 124 35 XVI-S

145 2259 65 35 621
378 2282 46 4 —
475 2261 46 34 La
548 2264 94 32 mère
668 2261 237 37 infortunée
1501 2262 124 35 XVI-S

145 2318 68 35 622
382 2341 41 3 —
476 2320 46 34 Le
548 2322 80 33 rêve
654 2322 43 33 de
724 2312 719 45 bonheur.
1502 2322 123 35 XVI-S

122 2378 91 35 2885
336 2380 242 43 Meissonier,
606 2381 151 35 Ernest.
788 2381 276 47 (1815-1891).
1064 2381 42 47 -
1106 2381 341 47 Liseur.
1507 2382 36 33 T.
1572 2382 37 34 T.

122 2437 90 35 2886
383 2460 39 3 —
477 2439 63 35 Les
566 2440 84 34 trois
676 2440 682 36 fumeurs.
1358 2440 86 36 ,.
1503 2441 37 34 T.
1569 2441 37 34 T.

122 2496 91 36 2887
383 2520 40 3 —
478 2499 45 34 Le
550 2499 123 46 joueur
699 2500 43 34 de
768 2500 678 35 nùte.
1505 2501 37 34 T.
1571 2501 39 34 T.

122 2556 91 36 2888
384 2579 40 3 —
478 2558 64 35 Les
568 2559 875 36 ordonnances.
1503 2560 36 34 T.
1568 2561 37 33 T.

122 2615 91 36 2889
382 2638 45 4 —
479 2618 45 33 Le
552 2620 890 43 poète.
1502 2620 37 34 T.
1568 2620 39 34 T.

123 2674 90 35 2957
385 2696 39 4 -
478 2677 186 45 Napoléon
692 2678 47 34 III
766 2680 18 31 à
810 2678 383 35 Solferino.
1253 2679 35 33 E.
1318 2679 34 34 F.
1380 2679 97 33 XIXe
1505 2678 32 36 S.
1566 2679 36 35 2e
1631 2678 114 46 étage
1774 2680 34 34 II

124 2733 91 36 2958
386 2756 40 2 —
479 2735 188 46 Napoléon
695 2737 46 33 III
769 2739 148 32 entouré
944 2738 43 33 de
1014 2748 65 23 son
1106 2737 196 46 état-major
1603 2760 40 3 —
1775 2739 33 34 II

123 2792 91 36 2959
384 2815 40 3 —
478 2794 969 37 L'attente.
1600 2818 46 5 -
1774 2799 34 33 II

124 2851 88 36 2961
384 2874 40 3 —
477 2854 111 34 Etude
614 2855 43 34 de
684 2866 761 35 paysage.
1598 2878 45 4 -
1774 2858 34 34 II
