2248 3461
488 337 144 52 PARIS,
669 336 157 43 MUSÉE
858 336 239 43 NATIONAL
1130 347 59 30 DU
1223 333 185 43 LOUVRE
1700 329 58 45 49

153 468 67 36 580
342 468 47 34 Le
418 467 135 42 Sueur,
591 466 208 34 Eustache.
838 464 249 46 (iôié-iô^).
1137 485 42 4 -
1224 464 96 33 Saint
1349 466 111 30 Bruno

532 526 111 33 refuse
670 525 236 33 l'archevêché
942 525 41 32 de
1021 524 134 45 Reggio
1190 536 67 30 que
1294 524 47 32 lui
1378 524 82 32 offre

533 585 127 33 Urbain
693 586 769 30 II.
1518 581 124 35 XIV-S

153 646 65 35 581
391 666 41 3 —
484 645 96 33 Saint
609 646 111 31 Bruno
747 655 41 21 en
818 644 105 42 prière
957 645 87 31 dans
1071 655 34 21 sa
1139 644 124 32 cellule
1291 643 167 41 rustique,
1512 652 76 24 non
1617 639 142 46 exposé

154 705 67 35 582
388 725 45 4 —
485 706 191 31 Rencontre
703 704 41 32 de
772 703 90 33 saint
890 704 112 32 Bruno
1028 714 58 32 par
1113 704 30 31 le
1170 707 113 29 comte
1311 704 96 43 Roger
1611 722 42 4 —

155 765 67 35 583
393 784 41 5 —
485 763 201 44 Apparition
716 764 41 31 de
786 762 90 33 saint
904 764 112 31 Bruno
1051 774 43 21 au
1122 767 114 28 comte
1264 764 104 43 Roger
1608 782 47 3 —

154 824 69 35 584
392 843 41 4 —
486 825 87 31 Mort
599 823 41 33 de
668 822 91 33 saint
796 823 663 32 Bruno.
1514 821 133 35 XIV-N

154 883 68 36 585
393 903 41 4 —
486 882 97 34 Saint
611 884 111 31 Bruno
748 885 51 29 est
826 881 120 33 enlevé
973 893 43 21 au
1044 881 414 33 ciel.
1515 891 75 25 non
1620 881 143 44 exposé

156 996 67 35 586
398 1016 38 3 —
489 995 96 34 Saint
614 997 111 31 Bruno
752 999 32 29 et
812 1006 53 21 ses
890 1005 243 34 compagnons
1154 994 211 34 distribuent
1386 999 80 29 tous

535 1056 90 45 leurs
651 1055 99 33 biens
777 1066 65 21 aux
869 1065 157 33 pauvres.
1082 1054 376 42 Esquisse.,.
1514 1055 88 33 XIII

157 1115 67 35 587
396 1135 40 4 —
490 1115 96 33 Saint
615 1116 111 31 Bruno
753 1114 156 33 examine
946 1115 29 31 le
1004 1114 79 43 plan
1123 1115 42 31 de
1192 1114 31 32 la
1262 1115 204 32 Chartreuse

490 1175 41 32 de
559 1176 902 33 Rome.
1517 1183 77 26 non
1623 1175 144 43 exposé

158 1234 67 35 588
397 1254 40 4 —
493 1235 78 32 Plan
600 1235 42 32 de
670 1234 194 33 l'ancienne
900 1234 204 33 Chartreuse
1143 1234 42 32 de
1225 1234 102 42 Paris,
1370 1234 95 43 porté

539 1305 58 32 par
623 1294 88 32 deux
739 1305 50 33 an
789 1305 67 33 ges
1517 1293 124 35 XIV-S

160 1353 67 35 589
398 1373 41 4 —
493 1354 166 32 Dédicace
686 1354 41 32 de
755 1353 132 45 l'église
915 1354 59 32 des
995 1354 468 33 Chartreux.
1519 1353 123 35 XIV-S

160 1413 67 35 590
398 1433 41 4 —
492 1413 159 33 Réunion
680 1413 784 33 d'artistes.
1521 1412 109 35 XV-0

301 1501 166 23 PEINTURES
494 1489 180 35 EXÉCUTÉES
701 1502 83 22 POUR
811 1502 37 22 LA
877 1489 207 35 DÉCORATION
1111 1502 37 21 DE
1176 1490 131 34 L'HÔTEL
1333 1502 146 22 LAMBERT
1508 1502 18 21 A
1548 1502 89 22 PARIS

161 1556 64 35 591
398 1576 40 4 —
493 1557 41 32 La
562 1557 179 33 naissance
768 1558 41 31 de
837 1556 629 34 l'Amour.
1521 1557 133 33 XIV-N

162 1615 67 35 592
399 1636 40 3 —
493 1616 117 33 Vénus
638 1617 155 43 présente
822 1616 154 34 l'Amour
1002 1620 17 29 à
1043 1617 422 43 Jupiter.,.
1617 1637 45 3 —

163 1675 66 34 593
403 1695 43 4 —
499 1675 177 42 L'Amour,
707 1676 215 43 réprimandé
960 1688 57 31 par
1053 1688 35 21 sa
1125 1677 102 41 mère,
1268 1688 34 21 se
1339 1677 131 44 réfugie

541 1736 87 32 dans
655 1736 48 32 les
730 1737 76 31 bras
833 1736 41 32 de
901 1736 565 34 Cérès.,.
1620 1756 42 3 —

164 1793 68 35 594
402 1814 39 4 —
495 1795 165 33 L'Amour
687 1796 104 42 reçoit
817 1796 214 44 l'hommage
1058 1797 60 32 des
1144 1796 323 33 dieux.
1619 1816 46 4 —

165 1853 67 34 595
400 1874 43 4 —
497 1854 165 34 L'Amour
699 1856 155 32 ordonne
892 1859 15 29 à
949 1857 150 32 Mercure
1144 1856 212 33 d'annoncer
1411 1867 61 22 son

545 1915 144 42 pouvoir
715 1919 18 28 à
762 1914 710 34 l'univers.,.
1528 1915 125 34 XIV-S

166 1971 66 35 596
405 1992 45 5 —
502 1974 165 33 L'Amour
695 1974 125 33 dérobe
847 1975 31 32 la
906 1975 119 33 foudre
1052 1976 41 32 de
1116 1975 128 43 Jupiter
1525 1975 88 34 XIII

166 2031 67 35 597
401 2052 46 4 —
499 2033 150 33 Phaéton
690 2034 172 32 demande
902 2037 17 30 à
959 2035 149 43 Apollon
1148 2036 31 31 la
1219 2035 166 33 conduite
1427 2036 45 31 du

546 2093 80 32 char
653 2093 46 32 du
728 2094 743 33 Soleil.,.
1528 2094 131 34 XIV-N

167 2149 68 35 598
406 2171 44 4 —
501 2152 103 44 Clio,
604 2152 157 44 Euterpe
789 2157 32 29 et
848 2154 623 34 Thalie.
1624 2174 42 3 —

168 2209 68 34 599
404 2230 45 4 —
500 2212 229 42 Melpomène,
760 2214 97 32 Erato
884 2217 32 29 et
944 2214 528 43 Polymnie.
1624 2233 42 4 —

169 2267 67 35 600
403 2289 45 4 —
499 2271 974 38 Uranie.
1625 2293 42 3 —

170 2327 63 34 601
408 2350 38 3 —
499 2331 975 43 Terpsichore.
1626 2352 42 4 —

171 2386 66 35 602
408 2409 40 3 —
501 2390 85 43 Call
586 2390 85 43 iope
1627 2412 41 4 —

171 2445 67 35 603
410 2468 40 3 —
505 2449 203 44 Ganymède
735 2451 120 33 enlevé
883 2463 58 32 par
963 2452 510 42 Jupiter..,.
1528 2451 88 34 XIII

172 2552 67 35 605
411 2575 40 4 —
506 2557 41 32 Le
574 2557 115 33 Christ
715 2561 17 29 à
761 2559 30 31 la
819 2559 161 32 colonne.
1037 2556 438 45 (Attribué).
1532 2558 124 35 XIV-S

173 2611 67 35 610
362 2614 191 43 Lethière,
594 2615 382 48 Guillaume-Guillon.
976 2615 40 48 [
1016 2615 282 48 1700-18-52).
1348 2637 45 4 —
1440 2619 41 31 La

554 2680 87 28 mort
667 2676 42 32 de
736 2676 739 44 Virginie.,.
1531 2677 129 35 VIII-S

151 2730 13 14 *
413 2752 39 3 —
507 2733 42 32 La
576 2734 147 33 Victoire
751 2740 32 28 et
810 2736 30 32 le
868 2736 107 32 Génie
1003 2737 61 31 des
1090 2740 79 29 arts.
1225 2736 204 43 Tympan..
1488 2736 32 35 S.
1549 2737 69 35 des
1645 2738 194 35 Antonins

151 2790 32 32 S.
212 2790 45 32 N°
355 2791 184 43 Levitski,
576 2793 98 34 D.-G.
736 2794 245 46 (171=1-1822').
1024 2815 41 4 -
1114 2795 140 33 Portrait
1299 2795 41 33 de
1380 2796 102 33 Marie

555 2853 180 46 Pavlovna
735 2853 220 46 Narychkine
955 2853 140 46 lEcole
1095 2853 162 46 russe)
1533 2857 131 33 XVI-N
