2222 3464
434 328 87 44 142
775 332 143 52 PARIS,
957 333 156 42 MUSÉE
1145 334 239 43 NATIONAL
1418 350 60 28 DU
1511 337 184 44 LOUVRE

399 461 91 35 2125
615 462 167 44 Rubens,
824 463 316 36 Petrus-Paulus.
1182 464 246 48 (1577-1640).
1476 487 45 4 —
1555 469 65 41 Job
1647 474 92 28 tour-

810 524 116 33 menté
954 535 58 32 par
1039 525 49 32 les
1108 525 170 36 démons.
1278 525 28 36 ,
1377 525 28 36 ,
1433 525 28 36 ,
1517 525 28 36 ,
1630 525 28 36 ,
1789 529 60 36 1-0

397 582 92 35 2126
661 604 46 3 —
758 584 107 32 Génie
893 585 121 32 volant
1041 589 32 28 et
1100 590 220 29 couronnant
1342 587 29 31 la
1401 587 172 44 Religion.
1614 588 123 45 (Etude

804 655 86 32 pour
916 644 31 32 le
974 644 145 43 plafond
1146 645 42 32 de
1215 645 204 43 Whilehall,
1449 650 17 28 à
1496 648 236 34 Londres.
1790 649 125 34 XXXV

397 703 92 34 2127
663 724 42 3 —
758 704 84 33 Tête
870 703 140 34 d'étude
1038 715 86 32 pour
1157 705 31 31 la
1216 705 111 45 figure
1367 706 46 32 du
1455 707 90 33 saint
1586 707 152 45 Georges

803 764 87 32 dans
917 763 279 34 ^Intercession
1230 765 60 33 des
1316 765 55 34 Sai
1371 765 83 34 nts»
1481 767 46 32 du
1551 767 117 33 musée
1695 768 42 32 de

805 825 93 42 Lyon.
898 825 31 42 ,
929 825 31 42 ,
1476 825 31 42 ,
1538 825 31 42 ,
1785 828 126 33 XXXV

396 883 92 35 2128
659 904 43 3 —
757 885 101 32 Buste
885 884 42 32 de
961 884 167 33 vieillard.
1185 883 185 47 (Attribué)
1785 887 126 34 XXXV

396 943 93 35 2130
659 964 46 3 —
757 944 154 44 Diogène
939 944 189 33 cherchant
1157 956 45 21 un
1225 945 155 33 homme.
1406 944 114 51 (Ecole
1548 945 56 40 de)
1787 947 100 33 XVII

396 1003 89 35 2131
659 1024 46 3 —
757 1005 42 31 Le
826 1015 154 33 paysage
1007 1015 43 21 au
1078 1004 95 43 puits
1200 1008 32 29 et
1259 1008 18 29 à
1305 1004 217 34 l'abreuvoir.
1584 1006 83 33 Effet
1694 1007 41 32 de
1979 1036 41 17 "',

804 1064 97 33 soleil
930 1064 803 34 couchant.
1789 1066 145 34 XXXIV

395 1123 93 35 2132
658 1144 46 3 —
756 1124 142 33 Portrait
925 1125 41 31 de
995 1124 128 32 femme
1147 1126 127 44 jouant
1301 1125 45 32 du
1376 1125 90 33 luth.
1523 1126 113 44 (Ecole
1664 1125 69 44 de).
1787 1125 126 34 XXXV

395 1183 92 35 2133
658 1204 46 4 —
757 1185 41 31 Le
827 1184 160 33 sommeil
1016 1185 42 31 de
1086 1184 121 33 Diane.
1263 1184 114 46 (Ecole
1405 1183 55 47 de)
1785 1185 126 34 XXXV

395 1243 93 35 2134
658 1264 46 3 —
757 1245 42 31 La
827 1244 182 33 naissance
1037 1244 84 33 d'un
1151 1244 128 43 prince.
1332 1243 118 46 (Ecole
1477 1244 56 45 de)
1784 1244 60 34 I-E

370 1303 34 34 S.
434 1303 51 34 N°
659 1324 41 3 —
756 1304 91 33 Ixion
876 1304 134 43 trompé
1038 1315 58 32 par
1118 1303 242 45 Junon
1360 1303 242 45 Coll.
1602 1303 487 45 Schlichting

369 1363 35 34 S.
434 1363 52 34 No
659 1384 40 3 —
755 1364 141 33 Portrait
923 1364 160 43 présumé
1111 1365 41 31 de
1173 1365 159 31 Suzanne
1361 1365 198 40 Fourment,
1581 1375 90 22 sœur
1692 1365 41 31 de

801 1409 208 48 lafseconde
1037 1424 128 32 femme
1193 1424 41 32 de
1262 1425 400 32 Rubens.
1719 1423 93 35 Coll.
1843 1422 244 45 Schlichting

393 1483 92 35 2137
611 1484 210 43 Ryckaert,
840 1483 131 43 David,
993 1483 203 36 troisième
1219 1483 50 35 du
1290 1493 100 25 nom.
1415 1482 249 46 (1612-1661).
1688 1503 45 3 —

801 1543 157 34 L'atelier
986 1544 160 43 présumé
1172 1544 47 32 du
1249 1544 76 42 père
1362 1544 41 31 de
1432 1543 153 41 l'artiste,
1624 1543 107 32 David

801 1605 171 42 Ryckaërt
1001 1604 726 32 II.,.
1783 1601 61 35 VI
1844 1601 82 35 tr.
1926 1601 84 35 E-N

392 1663 92 35 2140
510 1675 21 21 a
607 1663 239 42 Siberechts,
881 1663 84 35 Jan.
997 1662 245 47 (1627-1703).
1273 1683 45 3 —
1353 1664 41 31 La
1422 1663 133 33 toilette
1578 1662 153 42 rustique

799 1735 43 21 au
870 1724 86 33 bord
984 1724 42 32 de
1054 1723 673 33 l'eau.
1782 1720 145 34 XXXIV

391 1783 92 35 2145
607 1783 184 46 Snyders,
821 1784 130 34 Frans.
983 1781 245 47 (1579-1657).
1269 1803 42 3 —
1350 1783 59 32 Les
1450 1782 207 33 marchands
1688 1782 41 31 de

800 1844 172 43 poissons.
1029 1840 487 48 (Attribué)
1516 1840 133 48 VI
1649 1840 177 48 tr.
1826 1840 179 48 E-N

391 1904 91 34 2146
654 1924 45 4 —
752 1905 60 31 Les
838 1904 122 32 chiens
987 1904 87 32 dans
1101 1904 30 31 le
1159 1903 247 44 garde-manger
1781 1900 47 34 VI
1856 1903 48 31 tr.
1933 1899 74 34 E-N

390 1964 92 34 2147
654 1985 42 3 —
750 1964 111 33 Fruits
888 1972 32 25 et
947 1963 615 34 animaux.
1562 1963 163 34 o.
1781 1959 100 35 XVII

390 2023 92 41 2149
653 2044 46 4 —
751 2025 42 31 La
822 2024 210 33 marchande
1059 2024 41 32 de
1129 2022 599 45 gibier.
1785 2018 60 35 1-0

390 2083 90 35 2151
653 2104 50 24 -cr
751 2085 61 31 Les
838 2083 141 33 oiseaux
1006 2094 56 21 sur
1089 2084 31 31 la
1147 2083 575 32 branche.
1779 2078 60 35 I-E

390 2143 92 35 2152
653 2165 42 2 —
749 2145 61 32 Les
837 2144 118 44 singes
981 2143 138 33 voleurs
1145 2143 42 32 de
1215 2142 509 32 fruits,.,.,..,..,.,..
1779 2138 126 34 XXXV

389 2203 92 35 2153
651 2224 46 4 -
748 2204 145 43 Dispute
919 2204 42 32 de
983 2203 89 33 deux
1099 2202 118 44 singes
1243 2205 33 29 et
1296 2201 84 33 d'un
1403 2204 181 40 perroquet
1605 2203 123 29 autour

794 2263 106 33 d'une
927 2262 162 34 corbeille
1116 2262 42 32 de
1184 2260 541 33 fruits.
1780 2256 125 34 XXXV

388 2329 93 35 2154
605 2329 253 35 Sustermans
878 2340 45 22 ou
946 2328 261 41 Suttermans,
1234 2326 113 35 Joost
1367 2337 44 21 ou
1433 2325 151 34 Justus.
1609 2327 119 42 (1507-

803 2388 78 34 1681
893 2387 53 46 ).
946 2387 35 46 —
981 2387 179 46 Portrait
1196 2387 46 32 du
1277 2388 107 43 jeune
1413 2384 148 43 Léopold
1589 2384 42 32 de
1659 2383 67 32 Mé-

682 2448 114 50 dicis
1302 2437 69 41 -;,
1778 2440 57 35 I-S

388 2508 34 34 S.
451 2509 52 34 N°
652 2488 40 60 —
692 2488 202 60 Portrait
914 2507 41 35 de
979 2507 208 37 Ferdinand.
1206 2506 21 31 Il
1256 2506 41 31 de
1332 2504 154 34 Médicis,
1526 2502 197 44 grand-duc

773 2555 82 48 ,de
855 2555 164 48 Toscane
1716 2559 88 36 Coll.
1834 2558 244 44 Schlichting

388 2636 91 34 2155
602 2634 172 49 Teayers,
803 2633 131 42 David,
962 2632 51 33 dit
1040 2633 35 33 le
1109 2631 128 44 jeune.
1272 2627 244 47 (1610-1600).
1553 2647 41 4 —
1628 2626 96 33 Saint

794 2693 105 32 Pierre
927 2692 90 33 renie
1039 2690 372 43 Jésus-Christ.
1411 2690 303 43 o.
1770 2684 143 34 XXXIV

387 2754 92 35 2156
651 2751 54 25 -*
747 2752 157 33 L'enfant
931 2751 169 44 prodigue
1127 2754 17 28 à
1173 2750 92 33 table
1292 2759 82 22 avec
1401 2748 61 32 des
1495 2746 224 33 courtisanes.
1775 2744 47 33 VI
1850 2747 48 31 tr.
1922 2742 75 34 E-N

387 2814 92 34 2157
651 2832 43 4 -
747 2813 60 31 Les
835 2816 75 38 sept
936 2821 135 22 œuvres
1098 2810 41 32 de
1167 2808 207 34 miséricorde
1775 2803 100 33 XVII

387 2873 92 37 2158
652 2892 41 3 —
746 2870 187 34 Tentation
961 2870 42 32 de
1031 2869 90 33 saint
1153 2868 149 33 Antoine
1330 2878 58 32 par
1415 2866 299 32 l'ivresse.
1770 2861 98 35 XVII
