<?xml version="1.0" encoding="UTF8" standalone="no"?>
<alto xmlns="http://bibnum.bnf.fr/ns/alto_prod" xmlns:xlink="http://www.w3.org/TR/xlink" xmlns:xsi="http://www.w3.org/2001/XMLSchema-instance" ID="alto.6477124" xsi:schemaLocation="http://bibnum.bnf.fr/ns/alto_prod http://bibnum.bnf.fr/ns/alto_prod.xsd">
  <Description>
    <MeasurementUnit>pixel</MeasurementUnit>
    <sourceImageInformation>
      <fileName>00000187.tif</fileName>
    </sourceImageInformation>
    <OCRProcessing ID="OCR_1">
      <ocrProcessingStep>
        <processingDateTime>2013-01-22</processingDateTime>
        <processingStepDescription>[001_OCR_BRUT]OCR BRUT 93.380 %</processingStepDescription>
        <processingStepDescription>[002_TOTAL_CHARS]{993}</processingStepDescription>
        <processingStepDescription>[003_TOTAL_CHARS_USED]{42}</processingStepDescription>
        <processingStepDescription>[004_TOTAL_CHARS_SUSPECTS_USED]{0}</processingStepDescription>
        <processingStepDescription>[005_TOTAL_CHARS_UNUSED]{951}</processingStepDescription>
        <processingStepDescription>[006_TOTAL_CHARS_SUSPECTS_UNUSED]{3}</processingStepDescription>
        <processingStepDescription>[007_TOTAL_STRINGS]{210}</processingStepDescription>
        <processingStepDescription>[011_CHARS_PUNCTUATION]{112}</processingStepDescription>
        <processingStepDescription>[012_CHARS_DIGITS]{141}</processingStepDescription>
        <processingStepDescription>[013_CHARS_SUSPECT]{3}</processingStepDescription>
        <processingStepDescription>[022_CHARS_UNUSED_BY_BLOCK]{0}</processingStepDescription>
        <processingStepDescription>[111_LIGS_DETECTED_CURV]{0}</processingStepDescription>
        <processingStepSettings>OCR 96.010 %</processingStepSettings>
      </ocrProcessingStep>
    </OCRProcessing>
  </Description>
  <Styles>
    <TextStyle FONTFAMILY="Times" FONTSIZE="12" ID="TXT_1"/>
  </Styles>
  <Layout>
    <Page HEIGHT="3477" ID="PAG_00000187" PHYSICAL_IMG_NR="1" QUALITY="OK" WIDTH="2237">
    <TopMargin HEIGHT="469" HPOS="0" ID="PAG_00000187_TopMargin" VPOS="0" WIDTH="2237">
    <TextBlock HEIGHT="56" HPOS="435" ID="PAG_00000187_TB000001" STYLEREFS="TXT_1" VPOS="325" WIDTH="1265" language="fr">
      <TextLine HEIGHT="56" HPOS="435" ID="PAG_00000187_TL000001" STYLEREFS="TXT_1" VPOS="325" WIDTH="1265">
        <String CONTENT="106" HEIGHT="44" HPOS="435" ID="PAG_00000187_ST000001" STYLEREFS="TXT_1" TYPE="illegible" VPOS="325" WC="0.29" WIDTH="88"/>
        <SP HPOS="523" ID="PAG_00000187_SP000001" VPOS="329" WIDTH="257"/>
        <String CONTENT="PARIS," HEIGHT="52" HPOS="780" ID="PAG_00000187_ST000002" STYLEREFS="TXT_1" VPOS="329" WC="1" WIDTH="143"/>
        <SP HPOS="923" ID="PAG_00000187_SP000002" VPOS="329" WIDTH="38"/>
        <String CONTENT="MUSÉE" HEIGHT="43" HPOS="961" ID="PAG_00000187_ST000003" STYLEREFS="TXT_1" VPOS="329" WC="1" WIDTH="157"/>
        <SP HPOS="1118" ID="PAG_00000187_SP000003" VPOS="331" WIDTH="32"/>
        <String CONTENT="NATIONAL" HEIGHT="43" HPOS="1150" ID="PAG_00000187_ST000004" STYLEREFS="TXT_1" VPOS="331" WC="1" WIDTH="238"/>
        <SP HPOS="1388" ID="PAG_00000187_SP000004" VPOS="345" WIDTH="35"/>
        <String CONTENT="DU" HEIGHT="29" HPOS="1423" ID="PAG_00000187_ST000005" STYLEREFS="TXT_1" VPOS="345" WC="1" WIDTH="58"/>
        <SP HPOS="1481" ID="PAG_00000187_SP000005" VPOS="333" WIDTH="35"/>
        <String CONTENT="LOUVRE" HEIGHT="42" HPOS="1516" ID="PAG_00000187_ST000006" STYLEREFS="TXT_1" VPOS="333" WC="1" WIDTH="184"/>
      </TextLine>
    </TextBlock>
    </TopMargin>
    <PrintSpace HEIGHT="2430" HPOS="395" ID="PAG_00000187_PrintSpace" VPOS="469" WIDTH="1666">
    <TextBlock HEIGHT="648" HPOS="398" ID="PAG_00000187_TB000002" STYLEREFS="TXT_1" TYPE="table" VPOS="469" WIDTH="1504" language="fr">
      <TextLine HEIGHT="48" HPOS="399" ID="PAG_00000187_TL000002" STYLEREFS="TXT_1" VPOS="469" WIDTH="1339">
        <String CONTENT="2606" HEIGHT="36" HPOS="399" ID="PAG_00000187_ST000007" STYLEREFS="TXT_1" VPOS="469" WC="1" WIDTH="92"/>
        <SP HPOS="491" ID="PAG_00000187_SP000006" VPOS="471" WIDTH="125"/>
        <String CONTENT="Vois," HEIGHT="42" HPOS="616" ID="PAG_00000187_ST000008" STYLEREFS="TXT_1" VPOS="471" WC="1" WIDTH="101"/>
        <SP HPOS="717" ID="PAG_00000187_SP000007" VPOS="471" WIDTH="40"/>
        <String CONTENT="Arie" HEIGHT="35" HPOS="757" ID="PAG_00000187_ST000009" STYLEREFS="TXT_1" VPOS="471" WC="1" WIDTH="90"/>
        <SP HPOS="847" ID="PAG_00000187_SP000008" VPOS="471" WIDTH="42"/>
        <String CONTENT="de." HEIGHT="35" HPOS="889" ID="PAG_00000187_ST000010" STYLEREFS="TXT_1" VPOS="471" WC="1" WIDTH="59"/>
        <SP HPOS="948" ID="PAG_00000187_SP000009" VPOS="483" WIDTH="55"/>
        <String CONTENT="(vers" HEIGHT="34" HPOS="1003" ID="PAG_00000187_ST000011" STYLEREFS="TXT_1" VPOS="483" WC="0.99" WIDTH="88"/>
        <SP HPOS="1091" ID="PAG_00000187_SP000010" VPOS="472" WIDTH="42"/>
        <String CONTENT="1632-1680)." HEIGHT="40" HPOS="1133" ID="PAG_00000187_ST000012" STYLEREFS="TXT_1" VPOS="472" WC="0.90" WIDTH="222"/>
        <SP HPOS="1355" ID="PAG_00000187_SP000011" VPOS="494" WIDTH="41"/>
        <String CONTENT="&#8212;" HEIGHT="3" HPOS="1396" ID="PAG_00000187_ST000013" STYLEREFS="TXT_1" VPOS="494" WC="0.66" WIDTH="42"/>
        <SP HPOS="1438" ID="PAG_00000187_SP000012" VPOS="475" WIDTH="40"/>
        <String CONTENT="Portrait" HEIGHT="33" HPOS="1478" ID="PAG_00000187_ST000014" STYLEREFS="TXT_1" VPOS="475" WC="1" WIDTH="140"/>
        <SP HPOS="1618" ID="PAG_00000187_SP000013" VPOS="475" WIDTH="36"/>
        <String CONTENT="d'un" HEIGHT="33" HPOS="1654" ID="PAG_00000187_ST000015" STYLEREFS="TXT_1" VPOS="475" WC="1" WIDTH="84"/>
      </TextLine>
      <TextLine HEIGHT="38" HPOS="807" ID="PAG_00000187_TL000003" STYLEREFS="TXT_1" VPOS="532" WIDTH="1074">
        <String CONTENT="homme" HEIGHT="32" HPOS="807" ID="PAG_00000187_ST000016" STYLEREFS="TXT_1" VPOS="532" WC="1" WIDTH="142"/>
        <SP HPOS="949" ID="PAG_00000187_SP000014" VPOS="532" WIDTH="27"/>
        <String CONTENT="assis" HEIGHT="33" HPOS="976" ID="PAG_00000187_ST000017" STYLEREFS="TXT_1" VPOS="532" WC="1" WIDTH="87"/>
        <SP HPOS="1063" ID="PAG_00000187_SP000015" VPOS="536" WIDTH="26"/>
        <String CONTENT="à" HEIGHT="29" HPOS="1089" ID="PAG_00000187_ST000018" STYLEREFS="TXT_1" VPOS="536" WC="1" WIDTH="17"/>
        <SP HPOS="1106" ID="PAG_00000187_SP000016" VPOS="544" WIDTH="30"/>
        <String CONTENT="son" HEIGHT="22" HPOS="1136" ID="PAG_00000187_ST000019" STYLEREFS="TXT_1" VPOS="544" WC="1" WIDTH="60"/>
        <SP HPOS="1196" ID="PAG_00000187_SP000017" VPOS="535" WIDTH="30"/>
        <String CONTENT="bureau." HEIGHT="33" HPOS="1226" ID="PAG_00000187_ST000020" STYLEREFS="TXT_1" VPOS="535" WC="0.98" WIDTH="506"/>
        <SP HPOS="1732" ID="PAG_00000187_SP000018" VPOS="536" WIDTH="56"/>
        <String CONTENT="XXV" HEIGHT="34" HPOS="1788" ID="PAG_00000187_ST000021" STYLEREFS="TXT_1" VPOS="536" WC="1" WIDTH="93"/>
      </TextLine>
      <TextLine HEIGHT="51" HPOS="399" ID="PAG_00000187_TL000004" STYLEREFS="TXT_1" VPOS="589" WIDTH="1340">
        <String CONTENT="2607" HEIGHT="35" HPOS="399" ID="PAG_00000187_ST000022" STYLEREFS="TXT_1" VPOS="589" WC="1" WIDTH="91"/>
        <SP HPOS="490" ID="PAG_00000187_SP000019" VPOS="612" WIDTH="174"/>
        <String CONTENT="&#8212;" HEIGHT="2" HPOS="664" ID="PAG_00000187_ST000023" STYLEREFS="TXT_1" VPOS="612" WC="0.66" WIDTH="40"/>
        <SP HPOS="704" ID="PAG_00000187_SP000020" VPOS="591" WIDTH="55"/>
        <String CONTENT="Portrait" HEIGHT="34" HPOS="759" ID="PAG_00000187_ST000024" STYLEREFS="TXT_1" VPOS="591" WC="1" WIDTH="140"/>
        <SP HPOS="899" ID="PAG_00000187_SP000021" VPOS="592" WIDTH="39"/>
        <String CONTENT="d'un" HEIGHT="32" HPOS="938" ID="PAG_00000187_ST000025" STYLEREFS="TXT_1" VPOS="592" WC="1" WIDTH="84"/>
        <SP HPOS="1022" ID="PAG_00000187_SP000022" VPOS="592" WIDTH="40"/>
        <String CONTENT="peintre" HEIGHT="43" HPOS="1062" ID="PAG_00000187_ST000026" STYLEREFS="TXT_1" VPOS="592" WC="1" WIDTH="130"/>
        <SP HPOS="1192" ID="PAG_00000187_SP000023" VPOS="597" WIDTH="37"/>
        <String CONTENT="à" HEIGHT="28" HPOS="1229" ID="PAG_00000187_ST000027" STYLEREFS="TXT_1" VPOS="597" WC="1" WIDTH="15"/>
        <SP HPOS="1244" ID="PAG_00000187_SP000024" VPOS="604" WIDTH="40"/>
        <String CONTENT="son" HEIGHT="22" HPOS="1284" ID="PAG_00000187_ST000028" STYLEREFS="TXT_1" VPOS="604" WC="1" WIDTH="61"/>
        <SP HPOS="1345" ID="PAG_00000187_SP000025" VPOS="594" WIDTH="29"/>
        <String CONTENT="chevalet." HEIGHT="33" HPOS="1374" ID="PAG_00000187_ST000029" STYLEREFS="TXT_1" VPOS="594" WC="1" WIDTH="169"/>
        <SP HPOS="1543" ID="PAG_00000187_SP000026" VPOS="594" WIDTH="41"/>
        <String CONTENT="(Portrait" HEIGHT="46" HPOS="1584" ID="PAG_00000187_ST000030" STYLEREFS="TXT_1" VPOS="594" WC="1" WIDTH="155"/>
      </TextLine>
      <TextLine HEIGHT="45" HPOS="806" ID="PAG_00000187_TL000005" STYLEREFS="TXT_1" VPOS="651" WIDTH="1061">
        <String CONTENT="présumé" HEIGHT="45" HPOS="806" ID="PAG_00000187_ST000031" STYLEREFS="TXT_1" VPOS="651" WC="0.92" WIDTH="157"/>
        <SP HPOS="963" ID="PAG_00000187_SP000027" VPOS="651" WIDTH="1"/>
        <String CONTENT="de" HEIGHT="45" HPOS="963" ID="PAG_00000187_ST000032" STYLEREFS="TXT_1" VPOS="651" WC="0.92" WIDTH="59"/>
        <SP HPOS="1022" ID="PAG_00000187_SP000028" VPOS="651" WIDTH="1"/>
        <String CONTENT="Pynacker)" HEIGHT="45" HPOS="1022" ID="PAG_00000187_ST000033" STYLEREFS="TXT_1" VPOS="651" WC="0.92" WIDTH="197"/>
        <SP HPOS="1219" ID="PAG_00000187_SP000029" VPOS="651" WIDTH="1"/>
        <String CONTENT="o.,." HEIGHT="45" HPOS="1219" ID="PAG_00000187_ST000034" STYLEREFS="TXT_1" VPOS="651" WC="0.92" WIDTH="513"/>
        <SP HPOS="1732" ID="PAG_00000187_SP000030" VPOS="655" WIDTH="56"/>
        <String CONTENT="XXI" HEIGHT="33" HPOS="1788" ID="PAG_00000187_ST000035" STYLEREFS="TXT_1" VPOS="655" WC="1" WIDTH="79"/>
      </TextLine>
      <TextLine HEIGHT="46" HPOS="398" ID="PAG_00000187_TL000006" STYLEREFS="TXT_1" VPOS="709" WIDTH="1449">
        <String CONTENT="2608" HEIGHT="35" HPOS="398" ID="PAG_00000187_ST000036" STYLEREFS="TXT_1" VPOS="709" WC="1" WIDTH="92"/>
        <SP HPOS="490" ID="PAG_00000187_SP000031" VPOS="731" WIDTH="171"/>
        <String CONTENT="&#8212;" HEIGHT="3" HPOS="661" ID="PAG_00000187_ST000037" STYLEREFS="TXT_1" VPOS="731" WC="0.66" WIDTH="46"/>
        <SP HPOS="707" ID="PAG_00000187_SP000032" VPOS="712" WIDTH="53"/>
        <String CONTENT="Femme" HEIGHT="32" HPOS="760" ID="PAG_00000187_ST000038" STYLEREFS="TXT_1" VPOS="712" WC="1" WIDTH="139"/>
        <SP HPOS="899" ID="PAG_00000187_SP000033" VPOS="716" WIDTH="27"/>
        <String CONTENT="coupant" HEIGHT="39" HPOS="926" ID="PAG_00000187_ST000039" STYLEREFS="TXT_1" VPOS="716" WC="1" WIDTH="154"/>
        <SP HPOS="1080" ID="PAG_00000187_SP000034" VPOS="724" WIDTH="29"/>
        <String CONTENT="un" HEIGHT="21" HPOS="1109" ID="PAG_00000187_ST000040" STYLEREFS="TXT_1" VPOS="724" WC="1" WIDTH="45"/>
        <SP HPOS="1154" ID="PAG_00000187_SP000035" VPOS="713" WIDTH="29"/>
        <String CONTENT="citron" HEIGHT="33" HPOS="1183" ID="PAG_00000187_ST000041" STYLEREFS="TXT_1" VPOS="713" WC="1" WIDTH="109"/>
        <SP HPOS="1292" ID="PAG_00000187_SP000036" VPOS="741" WIDTH="80"/>
        <String CONTENT="XX" HEIGHT="34" HPOS="1787" ID="PAG_00000187_ST000042" STYLEREFS="TXT_1" VPOS="714" WC="1" WIDTH="60"/>
      </TextLine>
      <TextLine HEIGHT="48" HPOS="398" ID="PAG_00000187_TL000007" STYLEREFS="TXT_1" VPOS="770" WIDTH="1335">
        <String CONTENT="2609" HEIGHT="35" HPOS="398" ID="PAG_00000187_ST000043" STYLEREFS="TXT_1" VPOS="770" WC="1" WIDTH="92"/>
        <SP HPOS="490" ID="PAG_00000187_SP000037" VPOS="770" WIDTH="123"/>
        <String CONTENT="Weenix," HEIGHT="43" HPOS="613" ID="PAG_00000187_ST000044" STYLEREFS="TXT_1" VPOS="770" WC="1" WIDTH="175"/>
        <SP HPOS="788" ID="PAG_00000187_SP000038" VPOS="771" WIDTH="28"/>
        <String CONTENT="Jan-Baptist," HEIGHT="44" HPOS="816" ID="PAG_00000187_ST000045" STYLEREFS="TXT_1" VPOS="771" WC="1" WIDTH="259"/>
        <SP HPOS="1075" ID="PAG_00000187_SP000039" VPOS="784" WIDTH="40"/>
        <String CONTENT="ou" HEIGHT="21" HPOS="1115" ID="PAG_00000187_ST000046" STYLEREFS="TXT_1" VPOS="784" WC="1" WIDTH="44"/>
        <SP HPOS="1159" ID="PAG_00000187_SP000040" VPOS="772" WIDTH="42"/>
        <String CONTENT="Giovanni-Battista." HEIGHT="36" HPOS="1201" ID="PAG_00000187_ST000047" STYLEREFS="TXT_1" VPOS="772" WC="1" WIDTH="389"/>
        <SP HPOS="1590" ID="PAG_00000187_SP000041" VPOS="773" WIDTH="44"/>
        <String CONTENT="1621" HEIGHT="45" HPOS="1662" ID="PAG_00000187_ST000048" STYLEREFS="TXT_1" VPOS="773" WC="0.82" WIDTH="71"/>
      </TextLine>
      <TextLine HEIGHT="46" HPOS="805" ID="PAG_00000187_TL000008" STYLEREFS="TXT_1" VPOS="830" WIDTH="1097">
        <String CONTENT="-1660)." HEIGHT="40" HPOS="805" ID="PAG_00000187_ST000049" STYLEREFS="TXT_1" VPOS="830" WC="0.96" WIDTH="137"/>
        <SP HPOS="942" ID="PAG_00000187_SP000042" VPOS="852" WIDTH="34"/>
        <String CONTENT="&#8212;" HEIGHT="3" HPOS="976" ID="PAG_00000187_ST000050" STYLEREFS="TXT_1" VPOS="852" WC="0.66" WIDTH="39"/>
        <SP HPOS="1015" ID="PAG_00000187_SP000043" VPOS="833" WIDTH="32"/>
        <String CONTENT="Les" HEIGHT="31" HPOS="1047" ID="PAG_00000187_ST000051" STYLEREFS="TXT_1" VPOS="833" WC="1" WIDTH="59"/>
        <SP HPOS="1106" ID="PAG_00000187_SP000044" VPOS="833" WIDTH="28"/>
        <String CONTENT="corsaires" HEIGHT="32" HPOS="1134" ID="PAG_00000187_ST000052" STYLEREFS="TXT_1" VPOS="833" WC="1" WIDTH="162"/>
        <SP HPOS="1296" ID="PAG_00000187_SP000045" VPOS="833" WIDTH="29"/>
        <String CONTENT="repoussés" HEIGHT="43" HPOS="1325" ID="PAG_00000187_ST000053" STYLEREFS="TXT_1" VPOS="833" WC="0.94" WIDTH="173"/>
        <SP HPOS="1498" ID="PAG_00000187_SP000046" VPOS="833" WIDTH="60"/>
        <String CONTENT="XXIII" HEIGHT="34" HPOS="1785" ID="PAG_00000187_ST000054" STYLEREFS="TXT_1" VPOS="834" WC="1" WIDTH="117"/>
      </TextLine>
      <TextLine HEIGHT="48" HPOS="398" ID="PAG_00000187_TL000009" STYLEREFS="TXT_1" VPOS="890" WIDTH="1338">
        <String CONTENT="2610" HEIGHT="35" HPOS="398" ID="PAG_00000187_ST000055" STYLEREFS="TXT_1" VPOS="890" WC="1" WIDTH="93"/>
        <SP HPOS="491" ID="PAG_00000187_SP000047" VPOS="890" WIDTH="122"/>
        <String CONTENT="Weenix," HEIGHT="43" HPOS="613" ID="PAG_00000187_ST000056" STYLEREFS="TXT_1" VPOS="890" WC="1" WIDTH="177"/>
        <SP HPOS="790" ID="PAG_00000187_SP000048" VPOS="892" WIDTH="28"/>
        <String CONTENT="Jan." HEIGHT="34" HPOS="818" ID="PAG_00000187_ST000057" STYLEREFS="TXT_1" VPOS="892" WC="1" WIDTH="84"/>
        <SP HPOS="902" ID="PAG_00000187_SP000049" VPOS="891" WIDTH="31"/>
        <String CONTENT="(1640" HEIGHT="46" HPOS="933" ID="PAG_00000187_ST000058" STYLEREFS="TXT_1" VPOS="891" WC="0.90" WIDTH="106"/>
        <SP HPOS="1039" ID="PAG_00000187_SP000050" VPOS="903" WIDTH="27"/>
        <String CONTENT="ou" HEIGHT="22" HPOS="1066" ID="PAG_00000187_ST000059" STYLEREFS="TXT_1" VPOS="903" WC="1" WIDTH="45"/>
        <SP HPOS="1111" ID="PAG_00000187_SP000051" VPOS="891" WIDTH="34"/>
        <String CONTENT="1644-1719)." HEIGHT="47" HPOS="1145" ID="PAG_00000187_ST000060" STYLEREFS="TXT_1" VPOS="891" WC="0.96" WIDTH="222"/>
        <SP HPOS="1367" ID="PAG_00000187_SP000052" VPOS="913" WIDTH="33"/>
        <String CONTENT="&#8212;" HEIGHT="2" HPOS="1400" ID="PAG_00000187_ST000061" STYLEREFS="TXT_1" VPOS="913" WC="0.66" WIDTH="40"/>
        <SP HPOS="1440" ID="PAG_00000187_SP000053" VPOS="892" WIDTH="30"/>
        <String CONTENT="Gibier" HEIGHT="33" HPOS="1470" ID="PAG_00000187_ST000062" STYLEREFS="TXT_1" VPOS="892" WC="1" WIDTH="116"/>
        <SP HPOS="1586" ID="PAG_00000187_SP000054" VPOS="892" WIDTH="27"/>
        <String CONTENT="et'&quot;" HEIGHT="34" HPOS="1613" ID="PAG_00000187_ST000063" STYLEREFS="TXT_1" VPOS="892" WC="0.88" WIDTH="68"/>
        <SP HPOS="1681" ID="PAG_00000187_SP000055" VPOS="892" WIDTH="1"/>
        <String CONTENT="us-" HEIGHT="34" HPOS="1681" ID="PAG_00000187_ST000064" STYLEREFS="TXT_1" SUBS_CONTENT="ustensiles" SUBS_TYPE="HypPart1" VPOS="892" WC="0.88" WIDTH="55"/>
        <HYP CONTENT="-" HPOS="1736" VPOS="926" WIDTH="30"/>
      </TextLine>
      <TextLine HEIGHT="36" HPOS="805" ID="PAG_00000187_TL000010" STYLEREFS="TXT_1" VPOS="951" WIDTH="1080">
        <String CONTENT="tensiles" HEIGHT="33" HPOS="805" ID="PAG_00000187_ST000065" STYLEREFS="TXT_1" SUBS_CONTENT="ustensiles" SUBS_TYPE="HypPart2" VPOS="951" WC="1" WIDTH="143"/>
        <SP HPOS="948" ID="PAG_00000187_SP000056" VPOS="953" WIDTH="27"/>
        <String CONTENT="de" HEIGHT="31" HPOS="975" ID="PAG_00000187_ST000066" STYLEREFS="TXT_1" VPOS="953" WC="1" WIDTH="41"/>
        <SP HPOS="1016" ID="PAG_00000187_SP000057" VPOS="953" WIDTH="28"/>
        <String CONTENT="chasse." HEIGHT="34" HPOS="1044" ID="PAG_00000187_ST000067" STYLEREFS="TXT_1" VPOS="953" WC="0.99" WIDTH="690"/>
        <SP HPOS="1734" ID="PAG_00000187_SP000058" VPOS="953" WIDTH="58"/>
        <String CONTENT="XXV" HEIGHT="34" HPOS="1792" ID="PAG_00000187_ST000068" STYLEREFS="TXT_1" VPOS="953" WC="1" WIDTH="93"/>
      </TextLine>
      <TextLine HEIGHT="37" HPOS="398" ID="PAG_00000187_TL000011" STYLEREFS="TXT_1" VPOS="1010" WIDTH="1482">
        <String CONTENT="2612" HEIGHT="35" HPOS="398" ID="PAG_00000187_ST000069" STYLEREFS="TXT_1" VPOS="1010" WC="1" WIDTH="93"/>
        <SP HPOS="491" ID="PAG_00000187_SP000059" VPOS="1031" WIDTH="173"/>
        <String CONTENT="&#8212;" HEIGHT="3" HPOS="664" ID="PAG_00000187_ST000070" STYLEREFS="TXT_1" VPOS="1031" WC="0.66" WIDTH="39"/>
        <SP HPOS="703" ID="PAG_00000187_SP000060" VPOS="1012" WIDTH="57"/>
        <String CONTENT="Port" HEIGHT="32" HPOS="760" ID="PAG_00000187_ST000071" STYLEREFS="TXT_1" VPOS="1012" WC="1" WIDTH="74"/>
        <SP HPOS="834" ID="PAG_00000187_SP000061" VPOS="1012" WIDTH="27"/>
        <String CONTENT="de" HEIGHT="32" HPOS="861" ID="PAG_00000187_ST000072" STYLEREFS="TXT_1" VPOS="1012" WC="1" WIDTH="42"/>
        <SP HPOS="903" ID="PAG_00000187_SP000062" VPOS="1023" WIDTH="29"/>
        <String CONTENT="mer." HEIGHT="23" HPOS="932" ID="PAG_00000187_ST000073" STYLEREFS="TXT_1" VPOS="1023" WC="0.86" WIDTH="798"/>
        <SP HPOS="1730" ID="PAG_00000187_SP000063" VPOS="1013" WIDTH="56"/>
        <String CONTENT="XXV" HEIGHT="34" HPOS="1786" ID="PAG_00000187_ST000074" STYLEREFS="TXT_1" VPOS="1013" WC="1" WIDTH="94"/>
      </TextLine>
      <TextLine HEIGHT="47" HPOS="399" ID="PAG_00000187_TL000012" STYLEREFS="TXT_1" VPOS="1070" WIDTH="1480">
        <String CONTENT="2612" HEIGHT="36" HPOS="399" ID="PAG_00000187_ST000075" STYLEREFS="TXT_1" VPOS="1070" WC="1" WIDTH="86"/>
        <SP HPOS="485" ID="PAG_00000187_SP000064" VPOS="1070" WIDTH="1"/>
        <String CONTENT="a" HEIGHT="36" HPOS="485" ID="PAG_00000187_ST000076" STYLEREFS="TXT_1" VPOS="1070" WC="1" WIDTH="53"/>
        <SP HPOS="538" ID="PAG_00000187_SP000065" VPOS="1091" WIDTH="122"/>
        <String CONTENT="-" HEIGHT="3" HPOS="660" ID="PAG_00000187_ST000077" STYLEREFS="TXT_1" VPOS="1091" WC="0.66" WIDTH="45"/>
        <SP HPOS="705" ID="PAG_00000187_SP000066" VPOS="1072" WIDTH="50"/>
        <String CONTENT="Nature" HEIGHT="32" HPOS="755" ID="PAG_00000187_ST000078" STYLEREFS="TXT_1" VPOS="1072" WC="1" WIDTH="126"/>
        <SP HPOS="881" ID="PAG_00000187_SP000067" VPOS="1077" WIDTH="29"/>
        <String CONTENT="morte," HEIGHT="36" HPOS="910" ID="PAG_00000187_ST000079" STYLEREFS="TXT_1" VPOS="1077" WC="1" WIDTH="121"/>
        <SP HPOS="1031" ID="PAG_00000187_SP000068" VPOS="1072" WIDTH="30"/>
        <String CONTENT="gibier.." HEIGHT="45" HPOS="1061" ID="PAG_00000187_ST000080" STYLEREFS="TXT_1" VPOS="1072" WC="0.90" WIDTH="460"/>
        <SP HPOS="1521" ID="PAG_00000187_SP000069" VPOS="1072" WIDTH="1"/>
        <String CONTENT="XXV" HEIGHT="45" HPOS="1674" ID="PAG_00000187_ST000081" STYLEREFS="TXT_1" VPOS="1072" WC="0.90" WIDTH="205"/>
      </TextLine>
      <TextLine HEIGHT="34" HPOS="1185" ID="PAG_00000187_TL000013" STYLEREFS="TXT_1" VPOS="1072" WIDTH="694">
        <String CONTENT="XXV" HEIGHT="33" HPOS="1786" ID="PAG_00000187_ST000082" STYLEREFS="TXT_1" VPOS="1072" WC="0.28" WIDTH="93"/>
      </TextLine>
    </TextBlock>
    <Illustration HEIGHT="633" HPOS="407" ID="PAG_00000187_IL000001" VPOS="1128" WIDTH="783"/>
    <TextBlock HEIGHT="31" HPOS="470" ID="PAG_00000187_TB000003" STYLEREFS="TXT_1" VPOS="1774" WIDTH="655" language="fr">
      <TextLine HEIGHT="31" HPOS="470" ID="PAG_00000187_TL000014" STYLEREFS="TXT_1" VPOS="1774" WIDTH="655">
        <String CONTENT="20" HEIGHT="25" HPOS="470" ID="PAG_00000187_ST000083" STYLEREFS="TXT_1" VPOS="1780" WC="0.91" WIDTH="33"/>
        <SP HPOS="503" ID="PAG_00000187_SP000070" VPOS="1780" WIDTH="1"/>
        <String CONTENT="1" HEIGHT="25" HPOS="503" ID="PAG_00000187_ST000084" STYLEREFS="TXT_1" VPOS="1780" WC="0.91" WIDTH="22"/>
        <SP HPOS="525" ID="PAG_00000187_SP000071" VPOS="1780" WIDTH="1"/>
        <String CONTENT="2" HEIGHT="25" HPOS="525" ID="PAG_00000187_ST000085" STYLEREFS="TXT_1" VPOS="1780" WC="0.91" WIDTH="33"/>
        <SP HPOS="558" ID="PAG_00000187_SP000072" VPOS="1774" WIDTH="437"/>
        <String CONTENT="WEENIX" HEIGHT="31" HPOS="995" ID="PAG_00000187_ST000086" STYLEREFS="TXT_1" VPOS="1774" WC="1" WIDTH="130"/>
      </TextLine>
    </TextBlock>
    <Illustration HEIGHT="633" HPOS="1252" ID="PAG_00000187_IL000002" VPOS="1128" WIDTH="809"/>
    <TextBlock HEIGHT="37" HPOS="1322" ID="PAG_00000187_TB000004" STYLEREFS="TXT_1" VPOS="1770" WIDTH="658" language="fr">
      <TextLine HEIGHT="37" HPOS="1322" ID="PAG_00000187_TL000015" STYLEREFS="TXT_1" VPOS="1770" WIDTH="658">
        <String CONTENT="2Ô23" HEIGHT="29" HPOS="1322" ID="PAG_00000187_ST000087" STYLEREFS="TXT_1" VPOS="1778" WC="0.82" WIDTH="87"/>
        <SP HPOS="1409" ID="PAG_00000187_SP000073" VPOS="1770" WIDTH="340"/>
        <String CONTENT="WOUWERMAN" HEIGHT="33" HPOS="1749" ID="PAG_00000187_ST000088" STYLEREFS="TXT_1" VPOS="1770" WC="1" WIDTH="231"/>
      </TextLine>
    </TextBlock>
    <TextBlock HEIGHT="47" HPOS="397" ID="PAG_00000187_TB000005" STYLEREFS="TXT_1" TYPE="table" VPOS="1846" WIDTH="1333" language="fr">
      <TextLine HEIGHT="47" HPOS="397" ID="PAG_00000187_TL000016" STYLEREFS="TXT_1" VPOS="1846" WIDTH="1333">
        <String CONTENT="2617" HEIGHT="35" HPOS="397" ID="PAG_00000187_ST000089" STYLEREFS="TXT_1" VPOS="1850" WC="1" WIDTH="91"/>
        <SP HPOS="488" ID="PAG_00000187_SP000074" VPOS="1850" WIDTH="125"/>
        <String CONTENT="Werff," HEIGHT="43" HPOS="613" ID="PAG_00000187_ST000090" STYLEREFS="TXT_1" VPOS="1850" WC="1" WIDTH="130"/>
        <SP HPOS="743" ID="PAG_00000187_SP000075" VPOS="1850" WIDTH="29"/>
        <String CONTENT="Le" HEIGHT="34" HPOS="772" ID="PAG_00000187_ST000091" STYLEREFS="TXT_1" VPOS="1850" WC="1" WIDTH="48"/>
        <SP HPOS="820" ID="PAG_00000187_SP000076" VPOS="1849" WIDTH="29"/>
        <String CONTENT="chevalier" HEIGHT="35" HPOS="849" ID="PAG_00000187_ST000092" STYLEREFS="TXT_1" VPOS="1849" WC="1" WIDTH="201"/>
        <SP HPOS="1050" ID="PAG_00000187_SP000077" VPOS="1849" WIDTH="27"/>
        <String CONTENT="Adriaen" HEIGHT="35" HPOS="1077" ID="PAG_00000187_ST000093" STYLEREFS="TXT_1" VPOS="1849" WC="1" WIDTH="169"/>
        <SP HPOS="1246" ID="PAG_00000187_SP000078" VPOS="1858" WIDTH="26"/>
        <String CONTENT="van" HEIGHT="25" HPOS="1272" ID="PAG_00000187_ST000094" STYLEREFS="TXT_1" VPOS="1858" WC="1" WIDTH="75"/>
        <SP HPOS="1347" ID="PAG_00000187_SP000079" VPOS="1848" WIDTH="29"/>
        <String CONTENT="der." HEIGHT="34" HPOS="1376" ID="PAG_00000187_ST000095" STYLEREFS="TXT_1" VPOS="1848" WC="1" WIDTH="78"/>
        <SP HPOS="1454" ID="PAG_00000187_SP000080" VPOS="1846" WIDTH="36"/>
        <String CONTENT="(1659-1722)." HEIGHT="47" HPOS="1490" ID="PAG_00000187_ST000096" STYLEREFS="TXT_1" VPOS="1846" WC="0.95" WIDTH="240"/>
      </TextLine>
    </TextBlock>
    <TextBlock HEIGHT="993" HPOS="395" ID="PAG_00000187_TB000006" STYLEREFS="TXT_1" TYPE="table" VPOS="1906" WIDTH="1517" language="fr">
      <TextLine HEIGHT="36" HPOS="805" ID="PAG_00000187_TL000017" STYLEREFS="TXT_1" VPOS="1906" WIDTH="1107">
        <String CONTENT="&#8212;" HEIGHT="3" HPOS="805" ID="PAG_00000187_ST000097" STYLEREFS="TXT_1" VPOS="1930" WC="0.66" WIDTH="42"/>
        <SP HPOS="847" ID="PAG_00000187_SP000081" VPOS="1911" WIDTH="30"/>
        <String CONTENT="La" HEIGHT="31" HPOS="877" ID="PAG_00000187_ST000098" STYLEREFS="TXT_1" VPOS="1911" WC="1" WIDTH="41"/>
        <SP HPOS="918" ID="PAG_00000187_SP000082" VPOS="1909" WIDTH="30"/>
        <String CONTENT="Madeleine" HEIGHT="33" HPOS="948" ID="PAG_00000187_ST000099" STYLEREFS="TXT_1" VPOS="1909" WC="1" WIDTH="191"/>
        <SP HPOS="1139" ID="PAG_00000187_SP000083" VPOS="1910" WIDTH="28"/>
        <String CONTENT="dans" HEIGHT="32" HPOS="1167" ID="PAG_00000187_ST000100" STYLEREFS="TXT_1" VPOS="1910" WC="1" WIDTH="87"/>
        <SP HPOS="1254" ID="PAG_00000187_SP000084" VPOS="1909" WIDTH="27"/>
        <String CONTENT="le" HEIGHT="31" HPOS="1281" ID="PAG_00000187_ST000101" STYLEREFS="TXT_1" VPOS="1909" WC="1" WIDTH="29"/>
        <SP HPOS="1310" ID="PAG_00000187_SP000085" VPOS="1908" WIDTH="40"/>
        <String CONTENT="désert" HEIGHT="33" HPOS="1350" ID="PAG_00000187_ST000102" STYLEREFS="TXT_1" VPOS="1908" WC="0.98" WIDTH="113"/>
        <SP HPOS="1463" ID="PAG_00000187_SP000086" VPOS="1908" WIDTH="56"/>
        <String CONTENT="XXVII" HEIGHT="34" HPOS="1780" ID="PAG_00000187_ST000103" STYLEREFS="TXT_1" VPOS="1906" WC="1" WIDTH="132"/>
      </TextLine>
      <TextLine HEIGHT="47" HPOS="397" ID="PAG_00000187_TL000018" STYLEREFS="TXT_1" VPOS="1966" WIDTH="1514">
        <String CONTENT="2619" HEIGHT="35" HPOS="397" ID="PAG_00000187_ST000104" STYLEREFS="TXT_1" VPOS="1970" WC="1" WIDTH="92"/>
        <SP HPOS="489" ID="PAG_00000187_SP000087" VPOS="1990" WIDTH="171"/>
        <String CONTENT="&#8212;" HEIGHT="3" HPOS="660" ID="PAG_00000187_ST000105" STYLEREFS="TXT_1" VPOS="1990" WC="0.66" WIDTH="41"/>
        <SP HPOS="701" ID="PAG_00000187_SP000088" VPOS="1970" WIDTH="52"/>
        <String CONTENT="Nymphes" HEIGHT="43" HPOS="753" ID="PAG_00000187_ST000106" STYLEREFS="TXT_1" VPOS="1970" WC="1" WIDTH="182"/>
        <SP HPOS="935" ID="PAG_00000187_SP000089" VPOS="1970" WIDTH="26"/>
        <String CONTENT="dansant..,.,.," HEIGHT="32" HPOS="961" ID="PAG_00000187_ST000107" STYLEREFS="TXT_1" VPOS="1970" WC="0.95" WIDTH="763"/>
        <SP HPOS="1724" ID="PAG_00000187_SP000090" VPOS="1966" WIDTH="55"/>
        <String CONTENT="XXVII" HEIGHT="34" HPOS="1779" ID="PAG_00000187_ST000108" STYLEREFS="TXT_1" VPOS="1966" WC="1" WIDTH="132"/>
      </TextLine>
      <TextLine HEIGHT="46" HPOS="397" ID="PAG_00000187_TL000019" STYLEREFS="TXT_1" VPOS="2026" WIDTH="1442">
        <String CONTENT="2620" HEIGHT="35" HPOS="397" ID="PAG_00000187_ST000109" STYLEREFS="TXT_1" VPOS="2030" WC="1" WIDTH="92"/>
        <SP HPOS="489" ID="PAG_00000187_SP000091" VPOS="2050" WIDTH="172"/>
        <String CONTENT="&#8212;" HEIGHT="3" HPOS="661" ID="PAG_00000187_ST000110" STYLEREFS="TXT_1" VPOS="2050" WC="0.66" WIDTH="41"/>
        <SP HPOS="702" ID="PAG_00000187_SP000092" VPOS="2029" WIDTH="54"/>
        <String CONTENT="Groupe" HEIGHT="43" HPOS="756" ID="PAG_00000187_ST000111" STYLEREFS="TXT_1" VPOS="2029" WC="1" WIDTH="137"/>
        <SP HPOS="893" ID="PAG_00000187_SP000093" VPOS="2029" WIDTH="28"/>
        <String CONTENT="d'amateurs.,." HEIGHT="33" HPOS="921" ID="PAG_00000187_ST000112" STYLEREFS="TXT_1" VPOS="2029" WC="0.97" WIDTH="801"/>
        <SP HPOS="1722" ID="PAG_00000187_SP000094" VPOS="2026" WIDTH="56"/>
        <String CONTENT="XX" HEIGHT="33" HPOS="1778" ID="PAG_00000187_ST000113" STYLEREFS="TXT_1" VPOS="2026" WC="1" WIDTH="61"/>
      </TextLine>
      <TextLine HEIGHT="47" HPOS="396" ID="PAG_00000187_TL000020" STYLEREFS="TXT_1" VPOS="2086" WIDTH="1336">
        <String CONTENT="2621" HEIGHT="35" HPOS="396" ID="PAG_00000187_ST000114" STYLEREFS="TXT_1" VPOS="2090" WC="1" WIDTH="90"/>
        <SP HPOS="486" ID="PAG_00000187_SP000095" VPOS="2089" WIDTH="125"/>
        <String CONTENT="Wouwerman," HEIGHT="42" HPOS="611" ID="PAG_00000187_ST000115" STYLEREFS="TXT_1" VPOS="2089" WC="1" WIDTH="290"/>
        <SP HPOS="901" ID="PAG_00000187_SP000096" VPOS="2088" WIDTH="30"/>
        <String CONTENT="Philips." HEIGHT="43" HPOS="931" ID="PAG_00000187_ST000116" STYLEREFS="TXT_1" VPOS="2088" WC="1" WIDTH="158"/>
        <SP HPOS="1089" ID="PAG_00000187_SP000097" VPOS="2086" WIDTH="30"/>
        <String CONTENT="(161" HEIGHT="47" HPOS="1119" ID="PAG_00000187_ST000117" STYLEREFS="TXT_1" VPOS="2086" WC="0.87" WIDTH="75"/>
        <SP HPOS="1194" ID="PAG_00000187_SP000098" VPOS="2086" WIDTH="1"/>
        <String CONTENT="q-" HEIGHT="47" HPOS="1194" ID="PAG_00000187_ST000118" STYLEREFS="TXT_1" VPOS="2086" WC="0.87" WIDTH="45"/>
        <SP HPOS="1239" ID="PAG_00000187_SP000099" VPOS="2086" WIDTH="1"/>
        <String CONTENT="1668)." HEIGHT="47" HPOS="1239" ID="PAG_00000187_ST000119" STYLEREFS="TXT_1" VPOS="2086" WC="0.87" WIDTH="121"/>
        <SP HPOS="1360" ID="PAG_00000187_SP000100" VPOS="2107" WIDTH="29"/>
        <String CONTENT="&#8212;" HEIGHT="3" HPOS="1389" ID="PAG_00000187_ST000120" STYLEREFS="TXT_1" VPOS="2107" WC="0.66" WIDTH="45"/>
        <SP HPOS="1434" ID="PAG_00000187_SP000101" VPOS="2087" WIDTH="29"/>
        <String CONTENT="Le" HEIGHT="31" HPOS="1463" ID="PAG_00000187_ST000121" STYLEREFS="TXT_1" VPOS="2087" WC="1" WIDTH="41"/>
        <SP HPOS="1504" ID="PAG_00000187_SP000102" VPOS="2086" WIDTH="27"/>
        <String CONTENT="b&#339;uf" HEIGHT="33" HPOS="1531" ID="PAG_00000187_ST000122" STYLEREFS="TXT_1" VPOS="2086" WC="1" WIDTH="101"/>
        <SP HPOS="1632" ID="PAG_00000187_SP000103" VPOS="2096" WIDTH="24"/>
        <String CONTENT="gras" HEIGHT="34" HPOS="1656" ID="PAG_00000187_ST000123" STYLEREFS="TXT_1" VPOS="2096" WC="1" WIDTH="76"/>
      </TextLine>
      <TextLine HEIGHT="37" HPOS="803" ID="PAG_00000187_TL000021" STYLEREFS="TXT_1" VPOS="2144" WIDTH="1091">
        <String CONTENT="en" HEIGHT="21" HPOS="803" ID="PAG_00000187_ST000124" STYLEREFS="TXT_1" VPOS="2160" WC="1" WIDTH="41"/>
        <SP HPOS="844" ID="PAG_00000187_SP000104" VPOS="2149" WIDTH="30"/>
        <String CONTENT="Hollande" HEIGHT="32" HPOS="874" ID="PAG_00000187_ST000125" STYLEREFS="TXT_1" VPOS="2149" WC="1" WIDTH="170"/>
        <SP HPOS="1044" ID="PAG_00000187_SP000105" VPOS="2173" WIDTH="73"/>
        <String CONTENT="XXVI" HEIGHT="34" HPOS="1782" ID="PAG_00000187_ST000126" STYLEREFS="TXT_1" VPOS="2144" WC="1" WIDTH="112"/>
      </TextLine>
      <TextLine HEIGHT="47" HPOS="396" ID="PAG_00000187_TL000022" STYLEREFS="TXT_1" VPOS="2204" WIDTH="1481">
        <String CONTENT="2622" HEIGHT="35" HPOS="396" ID="PAG_00000187_ST000127" STYLEREFS="TXT_1" VPOS="2210" WC="1" WIDTH="92"/>
        <SP HPOS="488" ID="PAG_00000187_SP000106" VPOS="2229" WIDTH="172"/>
        <String CONTENT="&#8212;" HEIGHT="3" HPOS="660" ID="PAG_00000187_ST000128" STYLEREFS="TXT_1" VPOS="2229" WC="0.66" WIDTH="41"/>
        <SP HPOS="701" ID="PAG_00000187_SP000107" VPOS="2208" WIDTH="55"/>
        <String CONTENT="Le" HEIGHT="33" HPOS="756" ID="PAG_00000187_ST000129" STYLEREFS="TXT_1" VPOS="2208" WC="1" WIDTH="44"/>
        <SP HPOS="800" ID="PAG_00000187_SP000108" VPOS="2213" WIDTH="28"/>
        <String CONTENT="pont" HEIGHT="38" HPOS="828" ID="PAG_00000187_ST000130" STYLEREFS="TXT_1" VPOS="2213" WC="1" WIDTH="85"/>
        <SP HPOS="913" ID="PAG_00000187_SP000109" VPOS="2208" WIDTH="27"/>
        <String CONTENT="de" HEIGHT="32" HPOS="940" ID="PAG_00000187_ST000131" STYLEREFS="TXT_1" VPOS="2208" WC="1" WIDTH="41"/>
        <SP HPOS="981" ID="PAG_00000187_SP000110" VPOS="2207" WIDTH="28"/>
        <String CONTENT="bois" HEIGHT="33" HPOS="1009" ID="PAG_00000187_ST000132" STYLEREFS="TXT_1" VPOS="2207" WC="1" WIDTH="77"/>
        <SP HPOS="1086" ID="PAG_00000187_SP000111" VPOS="2218" WIDTH="27"/>
        <String CONTENT="sur" HEIGHT="22" HPOS="1113" ID="PAG_00000187_ST000133" STYLEREFS="TXT_1" VPOS="2218" WC="1" WIDTH="56"/>
        <SP HPOS="1169" ID="PAG_00000187_SP000112" VPOS="2208" WIDTH="28"/>
        <String CONTENT="le" HEIGHT="31" HPOS="1197" ID="PAG_00000187_ST000134" STYLEREFS="TXT_1" VPOS="2208" WC="1" WIDTH="29"/>
        <SP HPOS="1226" ID="PAG_00000187_SP000113" VPOS="2210" WIDTH="28"/>
        <String CONTENT="torrent.,.,.,." HEIGHT="30" HPOS="1254" ID="PAG_00000187_ST000135" STYLEREFS="TXT_1" VPOS="2210" WC="0.88" WIDTH="469"/>
        <SP HPOS="1723" ID="PAG_00000187_SP000114" VPOS="2204" WIDTH="56"/>
        <String CONTENT="XXII" HEIGHT="33" HPOS="1779" ID="PAG_00000187_ST000136" STYLEREFS="TXT_1" VPOS="2204" WC="1" WIDTH="98"/>
      </TextLine>
      <TextLine HEIGHT="47" HPOS="396" ID="PAG_00000187_TL000023" STYLEREFS="TXT_1" VPOS="2264" WIDTH="1476">
        <String CONTENT="2623" HEIGHT="35" HPOS="396" ID="PAG_00000187_ST000137" STYLEREFS="TXT_1" VPOS="2270" WC="1" WIDTH="92"/>
        <SP HPOS="488" ID="PAG_00000187_SP000115" VPOS="2289" WIDTH="170"/>
        <String CONTENT="&#8212;" HEIGHT="3" HPOS="658" ID="PAG_00000187_ST000138" STYLEREFS="TXT_1" VPOS="2289" WC="0.66" WIDTH="46"/>
        <SP HPOS="704" ID="PAG_00000187_SP000116" VPOS="2268" WIDTH="52"/>
        <String CONTENT="Départ" HEIGHT="43" HPOS="756" ID="PAG_00000187_ST000139" STYLEREFS="TXT_1" VPOS="2268" WC="1" WIDTH="124"/>
        <SP HPOS="880" ID="PAG_00000187_SP000117" VPOS="2278" WIDTH="27"/>
        <String CONTENT="pour" HEIGHT="33" HPOS="907" ID="PAG_00000187_ST000140" STYLEREFS="TXT_1" VPOS="2278" WC="1" WIDTH="86"/>
        <SP HPOS="993" ID="PAG_00000187_SP000118" VPOS="2268" WIDTH="26"/>
        <String CONTENT="la" HEIGHT="31" HPOS="1019" ID="PAG_00000187_ST000141" STYLEREFS="TXT_1" VPOS="2268" WC="1" WIDTH="31"/>
        <SP HPOS="1050" ID="PAG_00000187_SP000119" VPOS="2268" WIDTH="29"/>
        <String CONTENT="chasse.,." HEIGHT="32" HPOS="1079" ID="PAG_00000187_ST000142" STYLEREFS="TXT_1" VPOS="2268" WC="0.97" WIDTH="643"/>
        <SP HPOS="1722" ID="PAG_00000187_SP000120" VPOS="2264" WIDTH="57"/>
        <String CONTENT="XXV" HEIGHT="33" HPOS="1779" ID="PAG_00000187_ST000143" STYLEREFS="TXT_1" VPOS="2264" WC="1" WIDTH="93"/>
      </TextLine>
      <TextLine HEIGHT="43" HPOS="396" ID="PAG_00000187_TL000024" STYLEREFS="TXT_1" VPOS="2322" WIDTH="1493">
        <String CONTENT="2625" HEIGHT="35" HPOS="396" ID="PAG_00000187_ST000144" STYLEREFS="TXT_1" VPOS="2330" WC="1" WIDTH="92"/>
        <SP HPOS="488" ID="PAG_00000187_SP000121" VPOS="2349" WIDTH="173"/>
        <String CONTENT="&#8212;" HEIGHT="3" HPOS="661" ID="PAG_00000187_ST000145" STYLEREFS="TXT_1" VPOS="2349" WC="0.66" WIDTH="40"/>
        <SP HPOS="701" ID="PAG_00000187_SP000122" VPOS="2328" WIDTH="54"/>
        <String CONTENT="La" HEIGHT="33" HPOS="755" ID="PAG_00000187_ST000146" STYLEREFS="TXT_1" VPOS="2328" WC="1" WIDTH="45"/>
        <SP HPOS="800" ID="PAG_00000187_SP000123" VPOS="2328" WIDTH="28"/>
        <String CONTENT="chasse" HEIGHT="32" HPOS="828" ID="PAG_00000187_ST000147" STYLEREFS="TXT_1" VPOS="2328" WC="1" WIDTH="120"/>
        <SP HPOS="948" ID="PAG_00000187_SP000124" VPOS="2338" WIDTH="28"/>
        <String CONTENT="au" HEIGHT="21" HPOS="976" ID="PAG_00000187_ST000148" STYLEREFS="TXT_1" VPOS="2338" WC="1" WIDTH="42"/>
        <SP HPOS="1018" ID="PAG_00000187_SP000125" VPOS="2327" WIDTH="29"/>
        <String CONTENT="cerf." HEIGHT="32" HPOS="1047" ID="PAG_00000187_ST000149" STYLEREFS="TXT_1" VPOS="2327" WC="1" WIDTH="671"/>
        <SP HPOS="1718" ID="PAG_00000187_SP000126" VPOS="2322" WIDTH="59"/>
        <String CONTENT="XXVI" HEIGHT="34" HPOS="1777" ID="PAG_00000187_ST000150" STYLEREFS="TXT_1" VPOS="2322" WC="1" WIDTH="112"/>
      </TextLine>
      <TextLine HEIGHT="49" HPOS="396" ID="PAG_00000187_TL000025" STYLEREFS="TXT_1" VPOS="2382" WIDTH="1496">
        <String CONTENT="2626" HEIGHT="36" HPOS="396" ID="PAG_00000187_ST000151" STYLEREFS="TXT_1" VPOS="2389" WC="1" WIDTH="91"/>
        <SP HPOS="487" ID="PAG_00000187_SP000127" VPOS="2409" WIDTH="171"/>
        <String CONTENT="&#8212;" HEIGHT="3" HPOS="658" ID="PAG_00000187_ST000152" STYLEREFS="TXT_1" VPOS="2409" WC="0.66" WIDTH="45"/>
        <SP HPOS="703" ID="PAG_00000187_SP000128" VPOS="2389" WIDTH="53"/>
        <String CONTENT="Le" HEIGHT="31" HPOS="756" ID="PAG_00000187_ST000153" STYLEREFS="TXT_1" VPOS="2389" WC="1" WIDTH="40"/>
        <SP HPOS="796" ID="PAG_00000187_SP000129" VPOS="2388" WIDTH="29"/>
        <String CONTENT="manège.,.,.,." HEIGHT="43" HPOS="825" ID="PAG_00000187_ST000154" STYLEREFS="TXT_1" VPOS="2388" WC="0.95" WIDTH="899"/>
        <SP HPOS="1724" ID="PAG_00000187_SP000130" VPOS="2382" WIDTH="56"/>
        <String CONTENT="XXVI" HEIGHT="33" HPOS="1780" ID="PAG_00000187_ST000155" STYLEREFS="TXT_1" VPOS="2382" WC="1" WIDTH="112"/>
      </TextLine>
      <TextLine HEIGHT="43" HPOS="396" ID="PAG_00000187_TL000026" STYLEREFS="TXT_1" VPOS="2441" WIDTH="1476">
        <String CONTENT="2628" HEIGHT="35" HPOS="396" ID="PAG_00000187_ST000156" STYLEREFS="TXT_1" VPOS="2449" WC="1" WIDTH="92"/>
        <SP HPOS="488" ID="PAG_00000187_SP000131" VPOS="2468" WIDTH="170"/>
        <String CONTENT="&#8212;" HEIGHT="3" HPOS="658" ID="PAG_00000187_ST000157" STYLEREFS="TXT_1" VPOS="2468" WC="0.66" WIDTH="45"/>
        <SP HPOS="703" ID="PAG_00000187_SP000132" VPOS="2448" WIDTH="50"/>
        <String CONTENT="Choc" HEIGHT="32" HPOS="753" ID="PAG_00000187_ST000158" STYLEREFS="TXT_1" VPOS="2448" WC="1" WIDTH="95"/>
        <SP HPOS="848" ID="PAG_00000187_SP000133" VPOS="2447" WIDTH="27"/>
        <String CONTENT="de" HEIGHT="32" HPOS="875" ID="PAG_00000187_ST000159" STYLEREFS="TXT_1" VPOS="2447" WC="1" WIDTH="42"/>
        <SP HPOS="917" ID="PAG_00000187_SP000134" VPOS="2446" WIDTH="27"/>
        <String CONTENT="cavalerie." HEIGHT="33" HPOS="944" ID="PAG_00000187_ST000160" STYLEREFS="TXT_1" VPOS="2446" WC="0.99" WIDTH="779"/>
        <SP HPOS="1723" ID="PAG_00000187_SP000135" VPOS="2441" WIDTH="56"/>
        <String CONTENT="XXV" HEIGHT="33" HPOS="1779" ID="PAG_00000187_ST000161" STYLEREFS="TXT_1" VPOS="2441" WC="1" WIDTH="93"/>
      </TextLine>
      <TextLine HEIGHT="40" HPOS="396" ID="PAG_00000187_TL000027" STYLEREFS="TXT_1" VPOS="2503" WIDTH="1331">
        <String CONTENT="2630" HEIGHT="35" HPOS="396" ID="PAG_00000187_ST000162" STYLEREFS="TXT_1" VPOS="2508" WC="1" WIDTH="92"/>
        <SP HPOS="488" ID="PAG_00000187_SP000136" VPOS="2528" WIDTH="171"/>
        <String CONTENT="&#8212;" HEIGHT="3" HPOS="659" ID="PAG_00000187_ST000163" STYLEREFS="TXT_1" VPOS="2528" WC="0.66" WIDTH="45"/>
        <SP HPOS="704" ID="PAG_00000187_SP000137" VPOS="2508" WIDTH="52"/>
        <String CONTENT="Halte" HEIGHT="31" HPOS="756" ID="PAG_00000187_ST000164" STYLEREFS="TXT_1" VPOS="2508" WC="1" WIDTH="98"/>
        <SP HPOS="854" ID="PAG_00000187_SP000138" VPOS="2507" WIDTH="28"/>
        <String CONTENT="de" HEIGHT="31" HPOS="882" ID="PAG_00000187_ST000165" STYLEREFS="TXT_1" VPOS="2507" WC="1" WIDTH="42"/>
        <SP HPOS="924" ID="PAG_00000187_SP000139" VPOS="2506" WIDTH="27"/>
        <String CONTENT="chasseurs" HEIGHT="32" HPOS="951" ID="PAG_00000187_ST000166" STYLEREFS="TXT_1" VPOS="2506" WC="1" WIDTH="182"/>
        <SP HPOS="1133" ID="PAG_00000187_SP000140" VPOS="2510" WIDTH="27"/>
        <String CONTENT="et" HEIGHT="27" HPOS="1160" ID="PAG_00000187_ST000167" STYLEREFS="TXT_1" VPOS="2510" WC="1" WIDTH="31"/>
        <SP HPOS="1191" ID="PAG_00000187_SP000141" VPOS="2505" WIDTH="28"/>
        <String CONTENT="de" HEIGHT="32" HPOS="1219" ID="PAG_00000187_ST000168" STYLEREFS="TXT_1" VPOS="2505" WC="1" WIDTH="42"/>
        <SP HPOS="1261" ID="PAG_00000187_SP000142" VPOS="2503" WIDTH="37"/>
        <String CONTENT="cavaliers" HEIGHT="33" HPOS="1298" ID="PAG_00000187_ST000169" STYLEREFS="TXT_1" VPOS="2503" WC="1" WIDTH="163"/>
        <SP HPOS="1461" ID="PAG_00000187_SP000143" VPOS="2503" WIDTH="35"/>
        <String CONTENT="devant" HEIGHT="31" HPOS="1496" ID="PAG_00000187_ST000170" STYLEREFS="TXT_1" VPOS="2503" WC="1" WIDTH="127"/>
        <SP HPOS="1623" ID="PAG_00000187_SP000144" VPOS="2512" WIDTH="38"/>
        <String CONTENT="une" HEIGHT="21" HPOS="1661" ID="PAG_00000187_ST000171" STYLEREFS="TXT_1" VPOS="2512" WC="1" WIDTH="66"/>
      </TextLine>
      <TextLine HEIGHT="40" HPOS="802" ID="PAG_00000187_TL000028" STYLEREFS="TXT_1" VPOS="2559" WIDTH="1054">
        <String CONTENT="hôtellerie,.,." HEIGHT="34" HPOS="802" ID="PAG_00000187_ST000172" STYLEREFS="TXT_1" VPOS="2565" WC="0.97" WIDTH="902"/>
        <SP HPOS="1704" ID="PAG_00000187_SP000145" VPOS="2559" WIDTH="73"/>
        <String CONTENT="XXI" HEIGHT="33" HPOS="1777" ID="PAG_00000187_ST000173" STYLEREFS="TXT_1" VPOS="2559" WC="1" WIDTH="79"/>
      </TextLine>
      <TextLine HEIGHT="48" HPOS="396" ID="PAG_00000187_TL000029" STYLEREFS="TXT_1" VPOS="2618" WIDTH="1501">
        <String CONTENT="2631" HEIGHT="35" HPOS="396" ID="PAG_00000187_ST000174" STYLEREFS="TXT_1" VPOS="2627" WC="1" WIDTH="89"/>
        <SP HPOS="485" ID="PAG_00000187_SP000146" VPOS="2647" WIDTH="175"/>
        <String CONTENT="&#8212;" HEIGHT="3" HPOS="660" ID="PAG_00000187_ST000175" STYLEREFS="TXT_1" VPOS="2647" WC="0.66" WIDTH="40"/>
        <SP HPOS="700" ID="PAG_00000187_SP000147" VPOS="2626" WIDTH="56"/>
        <String CONTENT="Halte" HEIGHT="32" HPOS="756" ID="PAG_00000187_ST000176" STYLEREFS="TXT_1" VPOS="2626" WC="1" WIDTH="98"/>
        <SP HPOS="854" ID="PAG_00000187_SP000148" VPOS="2625" WIDTH="27"/>
        <String CONTENT="de" HEIGHT="32" HPOS="881" ID="PAG_00000187_ST000177" STYLEREFS="TXT_1" VPOS="2625" WC="1" WIDTH="42"/>
        <SP HPOS="923" ID="PAG_00000187_SP000149" VPOS="2624" WIDTH="27"/>
        <String CONTENT="cavaliers" HEIGHT="33" HPOS="950" ID="PAG_00000187_ST000178" STYLEREFS="TXT_1" VPOS="2624" WC="1" WIDTH="164"/>
        <SP HPOS="1114" ID="PAG_00000187_SP000150" VPOS="2624" WIDTH="27"/>
        <String CONTENT="près" HEIGHT="42" HPOS="1141" ID="PAG_00000187_ST000179" STYLEREFS="TXT_1" VPOS="2624" WC="1" WIDTH="75"/>
        <SP HPOS="1216" ID="PAG_00000187_SP000151" VPOS="2622" WIDTH="27"/>
        <String CONTENT="d'une" HEIGHT="33" HPOS="1243" ID="PAG_00000187_ST000180" STYLEREFS="TXT_1" VPOS="2622" WC="1" WIDTH="105"/>
        <SP HPOS="1348" ID="PAG_00000187_SP000152" VPOS="2626" WIDTH="26"/>
        <String CONTENT="tente.,.,.." HEIGHT="28" HPOS="1374" ID="PAG_00000187_ST000181" STYLEREFS="TXT_1" VPOS="2626" WC="0.91" WIDTH="348"/>
        <SP HPOS="1722" ID="PAG_00000187_SP000153" VPOS="2618" WIDTH="56"/>
        <String CONTENT="XXIII" HEIGHT="34" HPOS="1778" ID="PAG_00000187_ST000182" STYLEREFS="TXT_1" VPOS="2618" WC="1" WIDTH="119"/>
      </TextLine>
      <TextLine HEIGHT="44" HPOS="396" ID="PAG_00000187_TL000030" STYLEREFS="TXT_1" VPOS="2677" WIDTH="1488">
        <String CONTENT="2632" HEIGHT="35" HPOS="396" ID="PAG_00000187_ST000183" STYLEREFS="TXT_1" VPOS="2686" WC="1" WIDTH="91"/>
        <SP HPOS="487" ID="PAG_00000187_SP000154" VPOS="2706" WIDTH="173"/>
        <String CONTENT="&#8212;" HEIGHT="3" HPOS="660" ID="PAG_00000187_ST000184" STYLEREFS="TXT_1" VPOS="2706" WC="0.66" WIDTH="40"/>
        <SP HPOS="700" ID="PAG_00000187_SP000155" VPOS="2686" WIDTH="55"/>
        <String CONTENT="Halte" HEIGHT="31" HPOS="755" ID="PAG_00000187_ST000185" STYLEREFS="TXT_1" VPOS="2686" WC="1" WIDTH="98"/>
        <SP HPOS="853" ID="PAG_00000187_SP000156" VPOS="2685" WIDTH="27"/>
        <String CONTENT="de" HEIGHT="32" HPOS="880" ID="PAG_00000187_ST000186" STYLEREFS="TXT_1" VPOS="2685" WC="1" WIDTH="41"/>
        <SP HPOS="921" ID="PAG_00000187_SP000157" VPOS="2683" WIDTH="20"/>
        <String CONTENT="militaires.,.,." HEIGHT="33" HPOS="941" ID="PAG_00000187_ST000187" STYLEREFS="TXT_1" VPOS="2683" WC="0.94" WIDTH="776"/>
        <SP HPOS="1717" ID="PAG_00000187_SP000158" VPOS="2677" WIDTH="57"/>
        <String CONTENT="XXVI" HEIGHT="34" HPOS="1774" ID="PAG_00000187_ST000188" STYLEREFS="TXT_1" VPOS="2677" WC="1" WIDTH="110"/>
      </TextLine>
      <TextLine HEIGHT="51" HPOS="396" ID="PAG_00000187_TL000031" STYLEREFS="TXT_1" VPOS="2736" WIDTH="1500">
        <String CONTENT="2633" HEIGHT="34" HPOS="396" ID="PAG_00000187_ST000189" STYLEREFS="TXT_1" VPOS="2746" WC="1" WIDTH="91"/>
        <SP HPOS="487" ID="PAG_00000187_SP000159" VPOS="2765" WIDTH="170"/>
        <String CONTENT="&#8212;" HEIGHT="3" HPOS="657" ID="PAG_00000187_ST000190" STYLEREFS="TXT_1" VPOS="2765" WC="0.66" WIDTH="45"/>
        <SP HPOS="702" ID="PAG_00000187_SP000160" VPOS="2746" WIDTH="51"/>
        <String CONTENT="Paysans" HEIGHT="41" HPOS="753" ID="PAG_00000187_ST000191" STYLEREFS="TXT_1" VPOS="2746" WC="1" WIDTH="152"/>
        <SP HPOS="905" ID="PAG_00000187_SP000161" VPOS="2742" WIDTH="26"/>
        <String CONTENT="conduisant" HEIGHT="34" HPOS="931" ID="PAG_00000187_ST000192" STYLEREFS="TXT_1" VPOS="2742" WC="1" WIDTH="211"/>
        <SP HPOS="1142" ID="PAG_00000187_SP000162" VPOS="2753" WIDTH="28"/>
        <String CONTENT="une" HEIGHT="21" HPOS="1170" ID="PAG_00000187_ST000193" STYLEREFS="TXT_1" VPOS="2753" WC="1" WIDTH="66"/>
        <SP HPOS="1236" ID="PAG_00000187_SP000163" VPOS="2741" WIDTH="27"/>
        <String CONTENT="charrette" HEIGHT="32" HPOS="1263" ID="PAG_00000187_ST000194" STYLEREFS="TXT_1" VPOS="2741" WC="1" WIDTH="165"/>
        <SP HPOS="1428" ID="PAG_00000187_SP000164" VPOS="2740" WIDTH="21"/>
        <String CONTENT="de" HEIGHT="32" HPOS="1449" ID="PAG_00000187_ST000195" STYLEREFS="TXT_1" VPOS="2740" WC="1" WIDTH="42"/>
        <SP HPOS="1491" ID="PAG_00000187_SP000165" VPOS="2738" WIDTH="22"/>
        <String CONTENT="foin." HEIGHT="33" HPOS="1513" ID="PAG_00000187_ST000196" STYLEREFS="TXT_1" VPOS="2738" WC="1" WIDTH="208"/>
        <SP HPOS="1721" ID="PAG_00000187_SP000166" VPOS="2736" WIDTH="57"/>
        <String CONTENT="XXIII" HEIGHT="34" HPOS="1778" ID="PAG_00000187_ST000197" STYLEREFS="TXT_1" VPOS="2736" WC="1" WIDTH="118"/>
      </TextLine>
      <TextLine HEIGHT="50" HPOS="395" ID="PAG_00000187_TL000032" STYLEREFS="TXT_1" VPOS="2796" WIDTH="1442">
        <String CONTENT="2634" HEIGHT="35" HPOS="395" ID="PAG_00000187_ST000198" STYLEREFS="TXT_1" VPOS="2805" WC="1" WIDTH="93"/>
        <SP HPOS="488" ID="PAG_00000187_SP000167" VPOS="2824" WIDTH="169"/>
        <String CONTENT="&#8212;" HEIGHT="4" HPOS="657" ID="PAG_00000187_ST000199" STYLEREFS="TXT_1" VPOS="2824" WC="0.66" WIDTH="45"/>
        <SP HPOS="702" ID="PAG_00000187_SP000168" VPOS="2805" WIDTH="53"/>
        <String CONTENT="Les" HEIGHT="31" HPOS="755" ID="PAG_00000187_ST000200" STYLEREFS="TXT_1" VPOS="2805" WC="1" WIDTH="60"/>
        <SP HPOS="815" ID="PAG_00000187_SP000169" VPOS="2803" WIDTH="27"/>
        <String CONTENT="pèlerins.,.,." HEIGHT="43" HPOS="842" ID="PAG_00000187_ST000201" STYLEREFS="TXT_1" VPOS="2803" WC="0.95" WIDTH="878"/>
        <SP HPOS="1720" ID="PAG_00000187_SP000170" VPOS="2796" WIDTH="57"/>
        <String CONTENT="XX" HEIGHT="33" HPOS="1777" ID="PAG_00000187_ST000202" STYLEREFS="TXT_1" VPOS="2796" WC="1" WIDTH="60"/>
      </TextLine>
      <TextLine HEIGHT="45" HPOS="395" ID="PAG_00000187_TL000033" STYLEREFS="TXT_1" VPOS="2854" WIDTH="1478">
        <String CONTENT="2631" HEIGHT="35" HPOS="395" ID="PAG_00000187_ST000203" STYLEREFS="TXT_1" VPOS="2864" WC="1" WIDTH="89"/>
        <SP HPOS="484" ID="PAG_00000187_SP000171" VPOS="2876" WIDTH="29"/>
        <String CONTENT="a" HEIGHT="21" HPOS="513" ID="PAG_00000187_ST000204" STYLEREFS="TXT_1" VPOS="2876" WC="1" WIDTH="21"/>
        <SP HPOS="534" ID="PAG_00000187_SP000172" VPOS="2884" WIDTH="123"/>
        <String CONTENT="&#8212;" HEIGHT="3" HPOS="657" ID="PAG_00000187_ST000205" STYLEREFS="TXT_1" VPOS="2884" WC="0.66" WIDTH="41"/>
        <SP HPOS="698" ID="PAG_00000187_SP000173" VPOS="2864" WIDTH="55"/>
        <String CONTENT="Halte" HEIGHT="31" HPOS="753" ID="PAG_00000187_ST000206" STYLEREFS="TXT_1" VPOS="2864" WC="1" WIDTH="97"/>
        <SP HPOS="850" ID="PAG_00000187_SP000174" VPOS="2863" WIDTH="27"/>
        <String CONTENT="de" HEIGHT="32" HPOS="877" ID="PAG_00000187_ST000207" STYLEREFS="TXT_1" VPOS="2863" WC="1" WIDTH="42"/>
        <SP HPOS="919" ID="PAG_00000187_SP000175" VPOS="2861" WIDTH="27"/>
        <String CONTENT="cavaliers..,.,.,." HEIGHT="33" HPOS="946" ID="PAG_00000187_ST000208" STYLEREFS="TXT_1" VPOS="2861" WC="0.90" WIDTH="615"/>
        <SP HPOS="1561" ID="PAG_00000187_SP000176" VPOS="2861" WIDTH="1"/>
        <String CONTENT="o." HEIGHT="33" HPOS="1561" ID="PAG_00000187_ST000209" STYLEREFS="TXT_1" VPOS="2861" WC="0.90" WIDTH="160"/>
        <SP HPOS="1721" ID="PAG_00000187_SP000177" VPOS="2854" WIDTH="56"/>
        <String CONTENT="XXII" HEIGHT="33" HPOS="1777" ID="PAG_00000187_ST000210" STYLEREFS="TXT_1" VPOS="2854" WC="1" WIDTH="96"/>
      </TextLine>
    </TextBlock>
    </PrintSpace>
    </Page>
  </Layout>
</alto>
