<?xml version="1.0" encoding="UTF8" standalone="no"?>
<alto xmlns="http://bibnum.bnf.fr/ns/alto_prod" xmlns:xlink="http://www.w3.org/TR/xlink" xmlns:xsi="http://www.w3.org/2001/XMLSchema-instance" ID="alto.6477124" xsi:schemaLocation="http://bibnum.bnf.fr/ns/alto_prod http://bibnum.bnf.fr/ns/alto_prod.xsd">
  <Description>
    <MeasurementUnit>pixel</MeasurementUnit>
    <sourceImageInformation>
      <fileName>00000085.tif</fileName>
    </sourceImageInformation>
    <OCRProcessing ID="OCR_1">
      <ocrProcessingStep>
        <processingDateTime>2013-01-22</processingDateTime>
        <processingStepDescription>[001_OCR_BRUT]OCR BRUT 97.050 %</processingStepDescription>
        <processingStepDescription>[002_TOTAL_CHARS]{1488}</processingStepDescription>
        <processingStepDescription>[003_TOTAL_CHARS_USED]{26}</processingStepDescription>
        <processingStepDescription>[004_TOTAL_CHARS_SUSPECTS_USED]{0}</processingStepDescription>
        <processingStepDescription>[005_TOTAL_CHARS_UNUSED]{1462}</processingStepDescription>
        <processingStepDescription>[006_TOTAL_CHARS_SUSPECTS_UNUSED]{0}</processingStepDescription>
        <processingStepDescription>[007_TOTAL_STRINGS]{313}</processingStepDescription>
        <processingStepDescription>[011_CHARS_PUNCTUATION]{155}</processingStepDescription>
        <processingStepDescription>[012_CHARS_DIGITS]{148}</processingStepDescription>
        <processingStepDescription>[013_CHARS_SUSPECT]{0}</processingStepDescription>
        <processingStepDescription>[022_CHARS_UNUSED_BY_BLOCK]{0}</processingStepDescription>
        <processingStepDescription>[111_LIGS_DETECTED_CURV]{0}</processingStepDescription>
        <processingStepSettings>OCR 99.960 %</processingStepSettings>
      </ocrProcessingStep>
    </OCRProcessing>
  </Description>
  <Styles>
    <TextStyle FONTFAMILY="Times" FONTSIZE="12" ID="TXT_1"/>
  </Styles>
  <Layout>
    <Page HEIGHT="3474" ID="PAG_00000085" PHYSICAL_IMG_NR="1" QUALITY="OK" WIDTH="2207">
    <TopMargin HEIGHT="504" HPOS="0" ID="PAG_00000085_TopMargin" VPOS="0" WIDTH="2207">
    <TextBlock HEIGHT="54" HPOS="449" ID="PAG_00000085_TB000001" STYLEREFS="TXT_1" VPOS="373" WIDTH="1269" language="fr">
      <TextLine HEIGHT="54" HPOS="449" ID="PAG_00000085_TL000001" STYLEREFS="TXT_1" VPOS="373" WIDTH="1269">
        <String CONTENT="64" HEIGHT="43" HPOS="449" ID="PAG_00000085_ST000001" STYLEREFS="TXT_1" VPOS="373" WC="1" WIDTH="59"/>
        <SP HPOS="508" ID="PAG_00000085_SP000001" VPOS="376" WIDTH="285"/>
        <String CONTENT="PARIS," HEIGHT="51" HPOS="793" ID="PAG_00000085_ST000002" STYLEREFS="TXT_1" VPOS="376" WC="1" WIDTH="147"/>
        <SP HPOS="940" ID="PAG_00000085_SP000002" VPOS="377" WIDTH="39"/>
        <String CONTENT="MUSÉE" HEIGHT="42" HPOS="979" ID="PAG_00000085_ST000003" STYLEREFS="TXT_1" VPOS="377" WC="0.93" WIDTH="156"/>
        <SP HPOS="1135" ID="PAG_00000085_SP000003" VPOS="379" WIDTH="32"/>
        <String CONTENT="NATIONAL" HEIGHT="42" HPOS="1167" ID="PAG_00000085_ST000004" STYLEREFS="TXT_1" VPOS="379" WC="1" WIDTH="239"/>
        <SP HPOS="1406" ID="PAG_00000085_SP000004" VPOS="393" WIDTH="34"/>
        <String CONTENT="DU" HEIGHT="29" HPOS="1440" ID="PAG_00000085_ST000005" STYLEREFS="TXT_1" VPOS="393" WC="1" WIDTH="59"/>
        <SP HPOS="1499" ID="PAG_00000085_SP000005" VPOS="381" WIDTH="34"/>
        <String CONTENT="LOUVRE" HEIGHT="42" HPOS="1533" ID="PAG_00000085_ST000006" STYLEREFS="TXT_1" VPOS="381" WC="1" WIDTH="185"/>
      </TextLine>
    </TextBlock>
    </TopMargin>
    <PrintSpace HEIGHT="2439" HPOS="412" ID="PAG_00000085_PrintSpace" VPOS="504" WIDTH="1697">
    <TextBlock HEIGHT="165" HPOS="416" ID="PAG_00000085_TB000002" STYLEREFS="TXT_1" TYPE="table" VPOS="504" WIDTH="1692" language="fr">
      <TextLine HEIGHT="51" HPOS="416" ID="PAG_00000085_TL000002" STYLEREFS="TXT_1" VPOS="504" WIDTH="1337">
        <String CONTENT="(196)" HEIGHT="47" HPOS="416" ID="PAG_00000085_ST000007" STYLEREFS="TXT_1" VPOS="504" WC="1" WIDTH="100"/>
        <SP HPOS="516" ID="PAG_00000085_SP000006" VPOS="506" WIDTH="117"/>
        <String CONTENT="Renoir," HEIGHT="43" HPOS="633" ID="PAG_00000085_ST000008" STYLEREFS="TXT_1" VPOS="506" WC="1" WIDTH="153"/>
        <SP HPOS="786" ID="PAG_00000085_SP000007" VPOS="507" WIDTH="29"/>
        <String CONTENT="Pierre-Auguste." HEIGHT="45" HPOS="815" ID="PAG_00000085_ST000009" STYLEREFS="TXT_1" VPOS="507" WC="1" WIDTH="341"/>
        <SP HPOS="1156" ID="PAG_00000085_SP000008" VPOS="508" WIDTH="36"/>
        <String CONTENT="(1841-1019)." HEIGHT="47" HPOS="1192" ID="PAG_00000085_ST000010" STYLEREFS="TXT_1" VPOS="508" WC="0.87" WIDTH="245"/>
        <SP HPOS="1437" ID="PAG_00000085_SP000009" VPOS="531" WIDTH="37"/>
        <String CONTENT="&#8212;" HEIGHT="3" HPOS="1474" ID="PAG_00000085_ST000011" STYLEREFS="TXT_1" VPOS="531" WC="0.66" WIDTH="40"/>
        <SP HPOS="1514" ID="PAG_00000085_SP000010" VPOS="511" WIDTH="38"/>
        <String CONTENT="Fillette" HEIGHT="34" HPOS="1552" ID="PAG_00000085_ST000012" STYLEREFS="TXT_1" VPOS="511" WC="1" WIDTH="132"/>
        <SP HPOS="1684" ID="PAG_00000085_SP000011" VPOS="524" WIDTH="27"/>
        <String CONTENT="au" HEIGHT="21" HPOS="1711" ID="PAG_00000085_ST000013" STYLEREFS="TXT_1" VPOS="524" WC="1" WIDTH="42"/>
      </TextLine>
      <TextLine HEIGHT="44" HPOS="821" ID="PAG_00000085_TL000003" STYLEREFS="TXT_1" VPOS="568" WIDTH="1287">
        <String CONTENT="chapeau" HEIGHT="42" HPOS="821" ID="PAG_00000085_ST000014" STYLEREFS="TXT_1" VPOS="568" WC="1" WIDTH="154"/>
        <SP HPOS="975" ID="PAG_00000085_SP000012" VPOS="569" WIDTH="29"/>
        <String CONTENT="de" HEIGHT="31" HPOS="1004" ID="PAG_00000085_ST000015" STYLEREFS="TXT_1" VPOS="569" WC="1" WIDTH="41"/>
        <SP HPOS="1045" ID="PAG_00000085_SP000013" VPOS="569" WIDTH="28"/>
        <String CONTENT="paille" HEIGHT="43" HPOS="1073" ID="PAG_00000085_ST000016" STYLEREFS="TXT_1" VPOS="569" WC="1" WIDTH="344"/>
        <SP HPOS="1417" ID="PAG_00000085_SP000014" VPOS="569" WIDTH="1"/>
        <String CONTENT="Coll." HEIGHT="43" HPOS="1417" ID="PAG_00000085_ST000017" STYLEREFS="TXT_1" VPOS="569" WC="1" WIDTH="295"/>
        <SP HPOS="1712" ID="PAG_00000085_SP000015" VPOS="569" WIDTH="1"/>
        <String CONTENT="Camondo" HEIGHT="43" HPOS="1712" ID="PAG_00000085_ST000018" STYLEREFS="TXT_1" VPOS="569" WC="1" WIDTH="396"/>
      </TextLine>
      <TextLine HEIGHT="44" HPOS="416" ID="PAG_00000085_TL000004" STYLEREFS="TXT_1" VPOS="625" WIDTH="1526">
        <String CONTENT="(1971" HEIGHT="44" HPOS="416" ID="PAG_00000085_ST000019" STYLEREFS="TXT_1" VPOS="625" WC="0.95" WIDTH="96"/>
        <SP HPOS="512" ID="PAG_00000085_SP000016" VPOS="647" WIDTH="169"/>
        <String CONTENT="&#8212;" HEIGHT="3" HPOS="681" ID="PAG_00000085_ST000020" STYLEREFS="TXT_1" VPOS="647" WC="0.66" WIDTH="33"/>
        <SP HPOS="714" ID="PAG_00000085_SP000017" VPOS="628" WIDTH="56"/>
        <String CONTENT="Jeune" HEIGHT="40" HPOS="770" ID="PAG_00000085_ST000021" STYLEREFS="TXT_1" VPOS="628" WC="1" WIDTH="109"/>
        <SP HPOS="879" ID="PAG_00000085_SP000018" VPOS="628" WIDTH="28"/>
        <String CONTENT="fille" HEIGHT="32" HPOS="907" ID="PAG_00000085_ST000022" STYLEREFS="TXT_1" VPOS="628" WC="0.98" WIDTH="70"/>
        <SP HPOS="977" ID="PAG_00000085_SP000019" VPOS="628" WIDTH="28"/>
        <String CONTENT="assise." HEIGHT="38" HPOS="1005" ID="PAG_00000085_ST000023" STYLEREFS="TXT_1" VPOS="628" WC="0.99" WIDTH="742"/>
        <SP HPOS="1747" ID="PAG_00000085_SP000020" VPOS="653" WIDTH="154"/>
        <String CONTENT="&#8212;" HEIGHT="4" HPOS="1901" ID="PAG_00000085_ST000024" STYLEREFS="TXT_1" VPOS="653" WC="0.32" WIDTH="41"/>
      </TextLine>
    </TextBlock>
    <TextBlock HEIGHT="49" HPOS="412" ID="PAG_00000085_TB000003" STYLEREFS="TXT_1" TYPE="table" VPOS="685" WIDTH="1530" language="fr">
      <TextLine HEIGHT="49" HPOS="412" ID="PAG_00000085_TL000005" STYLEREFS="TXT_1" VPOS="685" WIDTH="1530">
        <String CONTENT="(198)" HEIGHT="45" HPOS="412" ID="PAG_00000085_ST000025" STYLEREFS="TXT_1" VPOS="685" WC="1" WIDTH="100"/>
        <SP HPOS="512" ID="PAG_00000085_SP000021" VPOS="707" WIDTH="169"/>
        <String CONTENT="&#8212;" HEIGHT="3" HPOS="681" ID="PAG_00000085_ST000026" STYLEREFS="TXT_1" VPOS="707" WC="0.66" WIDTH="42"/>
        <SP HPOS="723" ID="PAG_00000085_SP000022" VPOS="688" WIDTH="54"/>
        <String CONTENT="La" HEIGHT="31" HPOS="777" ID="PAG_00000085_ST000027" STYLEREFS="TXT_1" VPOS="688" WC="1" WIDTH="41"/>
        <SP HPOS="818" ID="PAG_00000085_SP000023" VPOS="687" WIDTH="29"/>
        <String CONTENT="toilette," HEIGHT="41" HPOS="847" ID="PAG_00000085_ST000028" STYLEREFS="TXT_1" VPOS="687" WC="1" WIDTH="146"/>
        <SP HPOS="993" ID="PAG_00000085_SP000024" VPOS="688" WIDTH="32"/>
        <String CONTENT="femme" HEIGHT="33" HPOS="1025" ID="PAG_00000085_ST000029" STYLEREFS="TXT_1" VPOS="688" WC="1" WIDTH="127"/>
        <SP HPOS="1152" ID="PAG_00000085_SP000025" VPOS="700" WIDTH="29"/>
        <String CONTENT="se" HEIGHT="21" HPOS="1181" ID="PAG_00000085_ST000030" STYLEREFS="TXT_1" VPOS="700" WC="1" WIDTH="34"/>
        <SP HPOS="1215" ID="PAG_00000085_SP000026" VPOS="689" WIDTH="28"/>
        <String CONTENT="peignant." HEIGHT="45" HPOS="1243" ID="PAG_00000085_ST000031" STYLEREFS="TXT_1" VPOS="689" WC="1" WIDTH="503"/>
        <SP HPOS="1746" ID="PAG_00000085_SP000027" VPOS="713" WIDTH="155"/>
        <String CONTENT="&#8212;" HEIGHT="4" HPOS="1901" ID="PAG_00000085_ST000032" STYLEREFS="TXT_1" VPOS="713" WC="0.32" WIDTH="41"/>
      </TextLine>
    </TextBlock>
    <TextBlock HEIGHT="1613" HPOS="414" ID="PAG_00000085_TB000004" STYLEREFS="TXT_1" TYPE="table" VPOS="744" WIDTH="1695" language="fr">
      <TextLine HEIGHT="50" HPOS="414" ID="PAG_00000085_TL000006" STYLEREFS="TXT_1" VPOS="744" WIDTH="1339">
        <String CONTENT="S." HEIGHT="34" HPOS="414" ID="PAG_00000085_ST000033" STYLEREFS="TXT_1" VPOS="744" WC="1" WIDTH="34"/>
        <SP HPOS="448" ID="PAG_00000085_SP000028" VPOS="745" WIDTH="30"/>
        <String CONTENT="N°" HEIGHT="34" HPOS="478" ID="PAG_00000085_ST000034" STYLEREFS="TXT_1" VPOS="745" WC="0.99" WIDTH="51"/>
        <SP HPOS="529" ID="PAG_00000085_SP000029" VPOS="746" WIDTH="102"/>
        <String CONTENT="Renou," HEIGHT="43" HPOS="631" ID="PAG_00000085_ST000035" STYLEREFS="TXT_1" VPOS="746" WC="1" WIDTH="143"/>
        <SP HPOS="774" ID="PAG_00000085_SP000030" VPOS="747" WIDTH="29"/>
        <String CONTENT="Antoine." HEIGHT="35" HPOS="803" ID="PAG_00000085_ST000036" STYLEREFS="TXT_1" VPOS="747" WC="1" WIDTH="179"/>
        <SP HPOS="982" ID="PAG_00000085_SP000031" VPOS="747" WIDTH="24"/>
        <String CONTENT="(1731-1806)" HEIGHT="47" HPOS="1006" ID="PAG_00000085_ST000037" STYLEREFS="TXT_1" VPOS="747" WC="0.97" WIDTH="232"/>
        <SP HPOS="1238" ID="PAG_00000085_SP000032" VPOS="769" WIDTH="31"/>
        <String CONTENT="&#8212;" HEIGHT="3" HPOS="1269" ID="PAG_00000085_ST000038" STYLEREFS="TXT_1" VPOS="769" WC="0.66" WIDTH="39"/>
        <SP HPOS="1308" ID="PAG_00000085_SP000033" VPOS="750" WIDTH="30"/>
        <String CONTENT="Castor" HEIGHT="33" HPOS="1338" ID="PAG_00000085_ST000039" STYLEREFS="TXT_1" VPOS="750" WC="1" WIDTH="119"/>
        <SP HPOS="1457" ID="PAG_00000085_SP000034" VPOS="761" WIDTH="25"/>
        <String CONTENT="ou" HEIGHT="22" HPOS="1482" ID="PAG_00000085_ST000040" STYLEREFS="TXT_1" VPOS="761" WC="1" WIDTH="44"/>
        <SP HPOS="1526" ID="PAG_00000085_SP000035" VPOS="750" WIDTH="27"/>
        <String CONTENT="l'Etoile" HEIGHT="34" HPOS="1553" ID="PAG_00000085_ST000041" STYLEREFS="TXT_1" VPOS="750" WC="1" WIDTH="132"/>
        <SP HPOS="1685" ID="PAG_00000085_SP000036" VPOS="752" WIDTH="22"/>
        <String CONTENT="du" HEIGHT="32" HPOS="1707" ID="PAG_00000085_ST000042" STYLEREFS="TXT_1" VPOS="752" WC="1" WIDTH="46"/>
      </TextLine>
      <TextLine HEIGHT="49" HPOS="824" ID="PAG_00000085_TL000007" STYLEREFS="TXT_1" VPOS="807" WIDTH="1285">
        <String CONTENT="Matin." HEIGHT="33" HPOS="824" ID="PAG_00000085_ST000043" STYLEREFS="TXT_1" VPOS="807" WC="1" WIDTH="120"/>
        <SP HPOS="944" ID="PAG_00000085_SP000037" VPOS="808" WIDTH="32"/>
        <String CONTENT="Plafond." HEIGHT="36" HPOS="976" ID="PAG_00000085_ST000044" STYLEREFS="TXT_1" VPOS="808" WC="0.99" WIDTH="775"/>
        <SP HPOS="1751" ID="PAG_00000085_SP000038" VPOS="811" WIDTH="61"/>
        <String CONTENT="Gai." HEIGHT="35" HPOS="1812" ID="PAG_00000085_ST000045" STYLEREFS="TXT_1" VPOS="811" WC="0.96" WIDTH="75"/>
        <SP HPOS="1887" ID="PAG_00000085_SP000039" VPOS="812" WIDTH="24"/>
        <String CONTENT="d'Apollon" HEIGHT="44" HPOS="1911" ID="PAG_00000085_ST000046" STYLEREFS="TXT_1" VPOS="812" WC="1" WIDTH="198"/>
      </TextLine>
      <TextLine HEIGHT="48" HPOS="440" ID="PAG_00000085_TL000008" STYLEREFS="TXT_1" VPOS="865" WIDTH="1314">
        <String CONTENT="775" HEIGHT="35" HPOS="440" ID="PAG_00000085_ST000047" STYLEREFS="TXT_1" VPOS="865" WC="1" WIDTH="67"/>
        <SP HPOS="507" ID="PAG_00000085_SP000040" VPOS="866" WIDTH="125"/>
        <String CONTENT="Restout," HEIGHT="43" HPOS="632" ID="PAG_00000085_ST000048" STYLEREFS="TXT_1" VPOS="866" WC="1" WIDTH="179"/>
        <SP HPOS="811" ID="PAG_00000085_SP000041" VPOS="867" WIDTH="29"/>
        <String CONTENT="Jean." HEIGHT="34" HPOS="840" ID="PAG_00000085_ST000049" STYLEREFS="TXT_1" VPOS="867" WC="1" WIDTH="108"/>
        <SP HPOS="948" ID="PAG_00000085_SP000042" VPOS="867" WIDTH="45"/>
        <String CONTENT="(1692-1768)." HEIGHT="46" HPOS="993" ID="PAG_00000085_ST000050" STYLEREFS="TXT_1" VPOS="867" WC="1" WIDTH="250"/>
        <SP HPOS="1243" ID="PAG_00000085_SP000043" VPOS="889" WIDTH="45"/>
        <String CONTENT="&#8212;" HEIGHT="3" HPOS="1288" ID="PAG_00000085_ST000051" STYLEREFS="TXT_1" VPOS="889" WC="0.66" WIDTH="41"/>
        <SP HPOS="1329" ID="PAG_00000085_SP000044" VPOS="869" WIDTH="43"/>
        <String CONTENT="Herminie" HEIGHT="33" HPOS="1372" ID="PAG_00000085_ST000052" STYLEREFS="TXT_1" VPOS="869" WC="1" WIDTH="175"/>
        <SP HPOS="1547" ID="PAG_00000085_SP000045" VPOS="871" WIDTH="40"/>
        <String CONTENT="chez" HEIGHT="32" HPOS="1587" ID="PAG_00000085_ST000053" STYLEREFS="TXT_1" VPOS="871" WC="1" WIDTH="82"/>
        <SP HPOS="1669" ID="PAG_00000085_SP000046" VPOS="872" WIDTH="37"/>
        <String CONTENT="les" HEIGHT="31" HPOS="1706" ID="PAG_00000085_ST000054" STYLEREFS="TXT_1" VPOS="872" WC="1" WIDTH="48"/>
      </TextLine>
      <TextLine HEIGHT="44" HPOS="823" ID="PAG_00000085_TL000009" STYLEREFS="TXT_1" VPOS="928" WIDTH="1111">
        <String CONTENT="bergel" HEIGHT="44" HPOS="823" ID="PAG_00000085_ST000055" STYLEREFS="TXT_1" VPOS="928" WC="0.85" WIDTH="134"/>
        <SP HPOS="957" ID="PAG_00000085_SP000047" VPOS="928" WIDTH="1"/>
        <String CONTENT="S" HEIGHT="44" HPOS="957" ID="PAG_00000085_ST000056" STYLEREFS="TXT_1" VPOS="928" WC="0.85" WIDTH="38"/>
        <SP HPOS="995" ID="PAG_00000085_SP000048" VPOS="928" WIDTH="1"/>
        <String CONTENT="," HEIGHT="44" HPOS="1091" ID="PAG_00000085_ST000057" STYLEREFS="TXT_1" VPOS="928" WC="0.85" WIDTH="38"/>
        <SP HPOS="1129" ID="PAG_00000085_SP000049" VPOS="928" WIDTH="1"/>
        <String CONTENT="," HEIGHT="44" HPOS="1532" ID="PAG_00000085_ST000058" STYLEREFS="TXT_1" VPOS="928" WC="0.85" WIDTH="38"/>
        <SP HPOS="1570" ID="PAG_00000085_SP000050" VPOS="928" WIDTH="58"/>
        <String CONTENT="XVI-N" HEIGHT="35" HPOS="1804" ID="PAG_00000085_ST000059" STYLEREFS="TXT_1" VPOS="931" WC="1" WIDTH="130"/>
      </TextLine>
      <TextLine HEIGHT="49" HPOS="440" ID="PAG_00000085_TL000010" STYLEREFS="TXT_1" VPOS="985" WIDTH="1314">
        <String CONTENT="778" HEIGHT="35" HPOS="440" ID="PAG_00000085_ST000060" STYLEREFS="TXT_1" VPOS="985" WC="1" WIDTH="67"/>
        <SP HPOS="507" ID="PAG_00000085_SP000051" VPOS="986" WIDTH="126"/>
        <String CONTENT="Ricard," HEIGHT="43" HPOS="633" ID="PAG_00000085_ST000061" STYLEREFS="TXT_1" VPOS="986" WC="1" WIDTH="151"/>
        <SP HPOS="784" ID="PAG_00000085_SP000052" VPOS="987" WIDTH="30"/>
        <String CONTENT="Louis-Gustave." HEIGHT="35" HPOS="814" ID="PAG_00000085_ST000062" STYLEREFS="TXT_1" VPOS="987" WC="1" WIDTH="318"/>
        <SP HPOS="1132" ID="PAG_00000085_SP000053" VPOS="987" WIDTH="31"/>
        <String CONTENT="(1824-1873)." HEIGHT="47" HPOS="1163" ID="PAG_00000085_ST000063" STYLEREFS="TXT_1" VPOS="987" WC="1" WIDTH="250"/>
        <SP HPOS="1413" ID="PAG_00000085_SP000054" VPOS="1009" WIDTH="42"/>
        <String CONTENT="&#8212;" HEIGHT="3" HPOS="1455" ID="PAG_00000085_ST000064" STYLEREFS="TXT_1" VPOS="1009" WC="0.66" WIDTH="40"/>
        <SP HPOS="1495" ID="PAG_00000085_SP000055" VPOS="989" WIDTH="39"/>
        <String CONTENT="Portrait" HEIGHT="34" HPOS="1534" ID="PAG_00000085_ST000065" STYLEREFS="TXT_1" VPOS="989" WC="1" WIDTH="140"/>
        <SP HPOS="1674" ID="PAG_00000085_SP000056" VPOS="991" WIDTH="39"/>
        <String CONTENT="de" HEIGHT="32" HPOS="1713" ID="PAG_00000085_ST000066" STYLEREFS="TXT_1" VPOS="991" WC="1" WIDTH="41"/>
      </TextLine>
      <TextLine HEIGHT="49" HPOS="823" ID="PAG_00000085_TL000011" STYLEREFS="TXT_1" VPOS="1046" WIDTH="1286">
        <String CONTENT="l'artiste," HEIGHT="41" HPOS="823" ID="PAG_00000085_ST000067" STYLEREFS="TXT_1" VPOS="1046" WC="1" WIDTH="155"/>
        <SP HPOS="978" ID="PAG_00000085_SP000057" VPOS="1058" WIDTH="31"/>
        <String CONTENT="par" HEIGHT="32" HPOS="1009" ID="PAG_00000085_ST000068" STYLEREFS="TXT_1" VPOS="1058" WC="1" WIDTH="58"/>
        <SP HPOS="1067" ID="PAG_00000085_SP000058" VPOS="1047" WIDTH="27"/>
        <String CONTENT="lui-même" HEIGHT="36" HPOS="1094" ID="PAG_00000085_ST000069" STYLEREFS="TXT_1" VPOS="1047" WC="0.99" WIDTH="183"/>
        <SP HPOS="1277" ID="PAG_00000085_SP000059" VPOS="1047" WIDTH="14"/>
        <String CONTENT="E." HEIGHT="34" HPOS="1577" ID="PAG_00000085_ST000070" STYLEREFS="TXT_1" VPOS="1049" WC="1" WIDTH="35"/>
        <SP HPOS="1612" ID="PAG_00000085_SP000060" VPOS="1049" WIDTH="30"/>
        <String CONTENT="F." HEIGHT="34" HPOS="1642" ID="PAG_00000085_ST000071" STYLEREFS="TXT_1" VPOS="1049" WC="1" WIDTH="33"/>
        <SP HPOS="1675" ID="PAG_00000085_SP000061" VPOS="1050" WIDTH="29"/>
        <String CONTENT="XIXe" HEIGHT="34" HPOS="1704" ID="PAG_00000085_ST000072" STYLEREFS="TXT_1" VPOS="1050" WC="1" WIDTH="96"/>
        <SP HPOS="1800" ID="PAG_00000085_SP000062" VPOS="1049" WIDTH="28"/>
        <String CONTENT="S." HEIGHT="36" HPOS="1828" ID="PAG_00000085_ST000073" STYLEREFS="TXT_1" VPOS="1049" WC="1" WIDTH="31"/>
        <SP HPOS="1859" ID="PAG_00000085_SP000063" VPOS="1050" WIDTH="29"/>
        <String CONTENT="2e" HEIGHT="35" HPOS="1888" ID="PAG_00000085_ST000074" STYLEREFS="TXT_1" VPOS="1050" WC="1" WIDTH="36"/>
        <SP HPOS="1924" ID="PAG_00000085_SP000064" VPOS="1049" WIDTH="28"/>
        <String CONTENT="étage" HEIGHT="46" HPOS="1952" ID="PAG_00000085_ST000075" STYLEREFS="TXT_1" VPOS="1049" WC="1" WIDTH="114"/>
        <SP HPOS="2066" ID="PAG_00000085_SP000065" VPOS="1051" WIDTH="29"/>
        <String CONTENT="1" HEIGHT="34" HPOS="2095" ID="PAG_00000085_ST000076" STYLEREFS="TXT_1" VPOS="1051" WC="0.67" WIDTH="14"/>
      </TextLine>
      <TextLine HEIGHT="46" HPOS="440" ID="PAG_00000085_TL000012" STYLEREFS="TXT_1" VPOS="1104" WIDTH="1497">
        <String CONTENT="778" HEIGHT="35" HPOS="440" ID="PAG_00000085_ST000077" STYLEREFS="TXT_1" VPOS="1104" WC="1" WIDTH="67"/>
        <SP HPOS="507" ID="PAG_00000085_SP000066" VPOS="1117" WIDTH="27"/>
        <String CONTENT="a" HEIGHT="21" HPOS="534" ID="PAG_00000085_ST000078" STYLEREFS="TXT_1" VPOS="1117" WC="1" WIDTH="21"/>
        <SP HPOS="555" ID="PAG_00000085_SP000067" VPOS="1127" WIDTH="125"/>
        <String CONTENT="&#8212;" HEIGHT="2" HPOS="680" ID="PAG_00000085_ST000079" STYLEREFS="TXT_1" VPOS="1127" WC="0.66" WIDTH="40"/>
        <SP HPOS="720" ID="PAG_00000085_SP000068" VPOS="1107" WIDTH="55"/>
        <String CONTENT="Portrait" HEIGHT="33" HPOS="775" ID="PAG_00000085_ST000080" STYLEREFS="TXT_1" VPOS="1107" WC="1" WIDTH="141"/>
        <SP HPOS="916" ID="PAG_00000085_SP000069" VPOS="1108" WIDTH="28"/>
        <String CONTENT="du" HEIGHT="31" HPOS="944" ID="PAG_00000085_ST000081" STYLEREFS="TXT_1" VPOS="1108" WC="1" WIDTH="45"/>
        <SP HPOS="989" ID="PAG_00000085_SP000070" VPOS="1107" WIDTH="31"/>
        <String CONTENT="peintre" HEIGHT="43" HPOS="1020" ID="PAG_00000085_ST000082" STYLEREFS="TXT_1" VPOS="1107" WC="1" WIDTH="131"/>
        <SP HPOS="1151" ID="PAG_00000085_SP000071" VPOS="1108" WIDTH="30"/>
        <String CONTENT="Heilbuth" HEIGHT="33" HPOS="1181" ID="PAG_00000085_ST000083" STYLEREFS="TXT_1" VPOS="1108" WC="1" WIDTH="167"/>
        <SP HPOS="1348" ID="PAG_00000085_SP000072" VPOS="1135" WIDTH="96"/>
        <String CONTENT="VIII-0" HEIGHT="35" HPOS="1805" ID="PAG_00000085_ST000084" STYLEREFS="TXT_1" VPOS="1110" WC="1" WIDTH="132"/>
      </TextLine>
      <TextLine HEIGHT="59" HPOS="440" ID="PAG_00000085_TL000013" STYLEREFS="TXT_1" VPOS="1165" WIDTH="1669">
        <String CONTENT="778" HEIGHT="35" HPOS="440" ID="PAG_00000085_ST000085" STYLEREFS="TXT_1" VPOS="1165" WC="1" WIDTH="67"/>
        <SP HPOS="507" ID="PAG_00000085_SP000073" VPOS="1166" WIDTH="29"/>
        <String CONTENT="b" HEIGHT="32" HPOS="536" ID="PAG_00000085_ST000086" STYLEREFS="TXT_1" VPOS="1166" WC="1" WIDTH="18"/>
        <SP HPOS="554" ID="PAG_00000085_SP000074" VPOS="1187" WIDTH="124"/>
        <String CONTENT="&#8212;" HEIGHT="3" HPOS="678" ID="PAG_00000085_ST000087" STYLEREFS="TXT_1" VPOS="1187" WC="0.66" WIDTH="42"/>
        <SP HPOS="720" ID="PAG_00000085_SP000075" VPOS="1167" WIDTH="55"/>
        <String CONTENT="Portrait" HEIGHT="33" HPOS="775" ID="PAG_00000085_ST000088" STYLEREFS="TXT_1" VPOS="1167" WC="1" WIDTH="140"/>
        <SP HPOS="915" ID="PAG_00000085_SP000076" VPOS="1168" WIDTH="28"/>
        <String CONTENT="de" HEIGHT="31" HPOS="943" ID="PAG_00000085_ST000089" STYLEREFS="TXT_1" VPOS="1168" WC="1" WIDTH="41"/>
        <SP HPOS="984" ID="PAG_00000085_SP000077" VPOS="1168" WIDTH="30"/>
        <String CONTENT="Paul" HEIGHT="32" HPOS="1014" ID="PAG_00000085_ST000090" STYLEREFS="TXT_1" VPOS="1168" WC="1" WIDTH="79"/>
        <SP HPOS="1093" ID="PAG_00000085_SP000078" VPOS="1168" WIDTH="29"/>
        <String CONTENT="de" HEIGHT="56" HPOS="1122" ID="PAG_00000085_ST000091" STYLEREFS="TXT_1" VPOS="1168" WC="0.76" WIDTH="42"/>
        <SP HPOS="1164" ID="PAG_00000085_SP000079" VPOS="1169" WIDTH="28"/>
        <String CONTENT="Musset." HEIGHT="33" HPOS="1192" ID="PAG_00000085_ST000092" STYLEREFS="TXT_1" VPOS="1169" WC="0.86" WIDTH="207"/>
        <SP HPOS="1399" ID="PAG_00000085_SP000080" VPOS="1169" WIDTH="1"/>
        <String CONTENT="," HEIGHT="33" HPOS="1399" ID="PAG_00000085_ST000093" STYLEREFS="TXT_1" VPOS="1169" WC="0.86" WIDTH="37"/>
        <SP HPOS="1436" ID="PAG_00000085_SP000081" VPOS="1169" WIDTH="13"/>
        <String CONTENT="E." HEIGHT="34" HPOS="1620" ID="PAG_00000085_ST000094" STYLEREFS="TXT_1" VPOS="1169" WC="1" WIDTH="35"/>
        <SP HPOS="1655" ID="PAG_00000085_SP000082" VPOS="1169" WIDTH="18"/>
        <String CONTENT="F." HEIGHT="34" HPOS="1673" ID="PAG_00000085_ST000095" STYLEREFS="TXT_1" VPOS="1169" WC="1" WIDTH="33"/>
        <SP HPOS="1706" ID="PAG_00000085_SP000083" VPOS="1170" WIDTH="23"/>
        <String CONTENT="XIXe" HEIGHT="33" HPOS="1729" ID="PAG_00000085_ST000096" STYLEREFS="TXT_1" VPOS="1170" WC="1" WIDTH="95"/>
        <SP HPOS="1824" ID="PAG_00000085_SP000084" VPOS="1169" WIDTH="23"/>
        <String CONTENT="S." HEIGHT="35" HPOS="1847" ID="PAG_00000085_ST000097" STYLEREFS="TXT_1" VPOS="1169" WC="1" WIDTH="31"/>
        <SP HPOS="1878" ID="PAG_00000085_SP000085" VPOS="1170" WIDTH="23"/>
        <String CONTENT="2e" HEIGHT="34" HPOS="1901" ID="PAG_00000085_ST000098" STYLEREFS="TXT_1" VPOS="1170" WC="0.98" WIDTH="36"/>
        <SP HPOS="1937" ID="PAG_00000085_SP000086" VPOS="1169" WIDTH="22"/>
        <String CONTENT="étage" HEIGHT="46" HPOS="1959" ID="PAG_00000085_ST000099" STYLEREFS="TXT_1" VPOS="1169" WC="1" WIDTH="113"/>
        <SP HPOS="2072" ID="PAG_00000085_SP000087" VPOS="1171" WIDTH="23"/>
        <String CONTENT="1" HEIGHT="34" HPOS="2095" ID="PAG_00000085_ST000100" STYLEREFS="TXT_1" VPOS="1171" WC="0.67" WIDTH="14"/>
      </TextLine>
      <TextLine HEIGHT="63" HPOS="441" ID="PAG_00000085_TL000014" STYLEREFS="TXT_1" VPOS="1224" WIDTH="1503">
        <String CONTENT="778" HEIGHT="35" HPOS="441" ID="PAG_00000085_ST000101" STYLEREFS="TXT_1" VPOS="1224" WC="0.98" WIDTH="62"/>
        <SP HPOS="503" ID="PAG_00000085_SP000088" VPOS="1224" WIDTH="1"/>
        <String CONTENT="c" HEIGHT="35" HPOS="503" ID="PAG_00000085_ST000102" STYLEREFS="TXT_1" VPOS="1224" WC="0.98" WIDTH="48"/>
        <SP HPOS="551" ID="PAG_00000085_SP000089" VPOS="1247" WIDTH="129"/>
        <String CONTENT="&#8212;" HEIGHT="2" HPOS="680" ID="PAG_00000085_ST000103" STYLEREFS="TXT_1" VPOS="1247" WC="0.66" WIDTH="42"/>
        <SP HPOS="722" ID="PAG_00000085_SP000090" VPOS="1227" WIDTH="55"/>
        <String CONTENT="Portrait" HEIGHT="33" HPOS="777" ID="PAG_00000085_ST000104" STYLEREFS="TXT_1" VPOS="1227" WC="1" WIDTH="141"/>
        <SP HPOS="918" ID="PAG_00000085_SP000091" VPOS="1225" WIDTH="28"/>
        <String CONTENT="dw,,I?,.li5!}.r" HEIGHT="62" HPOS="946" ID="PAG_00000085_ST000105" STYLEREFS="TXT_1" VPOS="1225" WC="0.62" WIDTH="360"/>
        <SP HPOS="1306" ID="PAG_00000085_SP000092" VPOS="1225" WIDTH="1"/>
        <String CONTENT="',::" HEIGHT="62" HPOS="1366" ID="PAG_00000085_ST000106" STYLEREFS="TXT_1" VPOS="1225" WC="0.62" WIDTH="100"/>
        <SP HPOS="1466" ID="PAG_00000085_SP000093" VPOS="1225" WIDTH="154"/>
        <String CONTENT="-" HEIGHT="4" HPOS="1900" ID="PAG_00000085_ST000107" STYLEREFS="TXT_1" VPOS="1250" WC="0.32" WIDTH="44"/>
        <HYP CONTENT="-" HPOS="1944" VPOS="1254" WIDTH="30"/>
      </TextLine>
      <TextLine HEIGHT="52" HPOS="441" ID="PAG_00000085_TL000015" STYLEREFS="TXT_1" VPOS="1272" WIDTH="1491">
        <String CONTENT="778" HEIGHT="34" HPOS="441" ID="PAG_00000085_ST000108" STYLEREFS="TXT_1" VPOS="1285" WC="1" WIDTH="67"/>
        <SP HPOS="508" ID="PAG_00000085_SP000094" VPOS="1286" WIDTH="27"/>
        <String CONTENT="d" HEIGHT="32" HPOS="535" ID="PAG_00000085_ST000109" STYLEREFS="TXT_1" VPOS="1286" WC="1" WIDTH="22"/>
        <SP HPOS="557" ID="PAG_00000085_SP000095" VPOS="1307" WIDTH="124"/>
        <String CONTENT="&#8212;" HEIGHT="3" HPOS="681" ID="PAG_00000085_ST000110" STYLEREFS="TXT_1" VPOS="1307" WC="0.65" WIDTH="42"/>
        <SP HPOS="723" ID="PAG_00000085_SP000096" VPOS="1287" WIDTH="54"/>
        <String CONTENT="Etude" HEIGHT="33" HPOS="777" ID="PAG_00000085_ST000111" STYLEREFS="TXT_1" VPOS="1287" WC="1" WIDTH="108"/>
        <SP HPOS="885" ID="PAG_00000085_SP000097" VPOS="1288" WIDTH="27"/>
        <String CONTENT="de" HEIGHT="31" HPOS="912" ID="PAG_00000085_ST000112" STYLEREFS="TXT_1" VPOS="1288" WC="1" WIDTH="41"/>
        <SP HPOS="953" ID="PAG_00000085_SP000098" VPOS="1272" WIDTH="29"/>
        <String CONTENT="femme" HEIGHT="50" HPOS="982" ID="PAG_00000085_ST000113" STYLEREFS="TXT_1" VPOS="1272" WC="0.84" WIDTH="130"/>
        <SP HPOS="1112" ID="PAG_00000085_SP000099" VPOS="1272" WIDTH="59"/>
        <String CONTENT="VIII-0" HEIGHT="35" HPOS="1802" ID="PAG_00000085_ST000114" STYLEREFS="TXT_1" VPOS="1289" WC="1" WIDTH="130"/>
      </TextLine>
      <TextLine HEIGHT="39" HPOS="441" ID="PAG_00000085_TL000016" STYLEREFS="TXT_1" VPOS="1345" WIDTH="1491">
        <String CONTENT="778" HEIGHT="34" HPOS="441" ID="PAG_00000085_ST000115" STYLEREFS="TXT_1" VPOS="1345" WC="1" WIDTH="62"/>
        <SP HPOS="503" ID="PAG_00000085_SP000100" VPOS="1345" WIDTH="1"/>
        <String CONTENT="e" HEIGHT="34" HPOS="503" ID="PAG_00000085_ST000116" STYLEREFS="TXT_1" VPOS="1345" WC="1" WIDTH="48"/>
        <SP HPOS="551" ID="PAG_00000085_SP000101" VPOS="1367" WIDTH="128"/>
        <String CONTENT="&#8212;" HEIGHT="3" HPOS="679" ID="PAG_00000085_ST000117" STYLEREFS="TXT_1" VPOS="1367" WC="0.66" WIDTH="45"/>
        <SP HPOS="724" ID="PAG_00000085_SP000102" VPOS="1347" WIDTH="54"/>
        <String CONTENT="Portrait" HEIGHT="33" HPOS="778" ID="PAG_00000085_ST000118" STYLEREFS="TXT_1" VPOS="1347" WC="0.99" WIDTH="140"/>
        <SP HPOS="918" ID="PAG_00000085_SP000103" VPOS="1348" WIDTH="27"/>
        <String CONTENT="de" HEIGHT="31" HPOS="945" ID="PAG_00000085_ST000119" STYLEREFS="TXT_1" VPOS="1348" WC="1" WIDTH="42"/>
        <SP HPOS="987" ID="PAG_00000085_SP000104" VPOS="1349" WIDTH="29"/>
        <String CONTENT="Mille" HEIGHT="30" HPOS="1016" ID="PAG_00000085_ST000120" STYLEREFS="TXT_1" VPOS="1349" WC="0.89" WIDTH="80"/>
        <SP HPOS="1096" ID="PAG_00000085_SP000105" VPOS="1348" WIDTH="27"/>
        <String CONTENT="de" HEIGHT="32" HPOS="1123" ID="PAG_00000085_ST000121" STYLEREFS="TXT_1" VPOS="1348" WC="1" WIDTH="41"/>
        <SP HPOS="1164" ID="PAG_00000085_SP000106" VPOS="1348" WIDTH="22"/>
        <String CONTENT="Calonne." HEIGHT="33" HPOS="1186" ID="PAG_00000085_ST000122" STYLEREFS="TXT_1" VPOS="1348" WC="0.89" WIDTH="330"/>
        <SP HPOS="1516" ID="PAG_00000085_SP000107" VPOS="1348" WIDTH="1"/>
        <String CONTENT="," HEIGHT="33" HPOS="1516" ID="PAG_00000085_ST000123" STYLEREFS="TXT_1" VPOS="1348" WC="0.89" WIDTH="41"/>
        <SP HPOS="1557" ID="PAG_00000085_SP000108" VPOS="1348" WIDTH="60"/>
        <String CONTENT="VIII-S" HEIGHT="35" HPOS="1804" ID="PAG_00000085_ST000124" STYLEREFS="TXT_1" VPOS="1349" WC="1" WIDTH="128"/>
      </TextLine>
      <TextLine HEIGHT="47" HPOS="441" ID="PAG_00000085_TL000017" STYLEREFS="TXT_1" VPOS="1405" WIDTH="1312">
        <String CONTENT="779" HEIGHT="34" HPOS="441" ID="PAG_00000085_ST000125" STYLEREFS="TXT_1" VPOS="1405" WC="1" WIDTH="67"/>
        <SP HPOS="508" ID="PAG_00000085_SP000109" VPOS="1406" WIDTH="125"/>
        <String CONTENT="Riesener," HEIGHT="43" HPOS="633" ID="PAG_00000085_ST000126" STYLEREFS="TXT_1" VPOS="1406" WC="1" WIDTH="199"/>
        <SP HPOS="832" ID="PAG_00000085_SP000110" VPOS="1407" WIDTH="30"/>
        <String CONTENT="Henri-François." HEIGHT="45" HPOS="862" ID="PAG_00000085_ST000127" STYLEREFS="TXT_1" VPOS="1407" WC="1" WIDTH="336"/>
        <SP HPOS="1198" ID="PAG_00000085_SP000111" VPOS="1405" WIDTH="43"/>
        <String CONTENT="(1767-1828)." HEIGHT="47" HPOS="1241" ID="PAG_00000085_ST000128" STYLEREFS="TXT_1" VPOS="1405" WC="1" WIDTH="250"/>
        <SP HPOS="1491" ID="PAG_00000085_SP000112" VPOS="1427" WIDTH="40"/>
        <String CONTENT="&#8212;" HEIGHT="3" HPOS="1531" ID="PAG_00000085_ST000129" STYLEREFS="TXT_1" VPOS="1427" WC="0.66" WIDTH="42"/>
        <SP HPOS="1573" ID="PAG_00000085_SP000113" VPOS="1408" WIDTH="39"/>
        <String CONTENT="Portrait" HEIGHT="33" HPOS="1612" ID="PAG_00000085_ST000130" STYLEREFS="TXT_1" VPOS="1408" WC="1" WIDTH="141"/>
      </TextLine>
      <TextLine HEIGHT="47" HPOS="800" ID="PAG_00000085_TL000018" STYLEREFS="TXT_1" VPOS="1466" WIDTH="1309">
        <String CONTENT="de" HEIGHT="32" HPOS="800" ID="PAG_00000085_ST000131" STYLEREFS="TXT_1" VPOS="1467" WC="1" WIDTH="42"/>
        <SP HPOS="842" ID="PAG_00000085_SP000114" VPOS="1468" WIDTH="28"/>
        <String CONTENT="M." HEIGHT="31" HPOS="870" ID="PAG_00000085_ST000132" STYLEREFS="TXT_1" VPOS="1468" WC="1" WIDTH="44"/>
        <SP HPOS="914" ID="PAG_00000085_SP000115" VPOS="1467" WIDTH="33"/>
        <String CONTENT="Ravrio," HEIGHT="41" HPOS="947" ID="PAG_00000085_ST000133" STYLEREFS="TXT_1" VPOS="1467" WC="1" WIDTH="135"/>
        <SP HPOS="1082" ID="PAG_00000085_SP000116" VPOS="1466" WIDTH="32"/>
        <String CONTENT="fabricant" HEIGHT="34" HPOS="1114" ID="PAG_00000085_ST000134" STYLEREFS="TXT_1" VPOS="1466" WC="0.98" WIDTH="168"/>
        <SP HPOS="1282" ID="PAG_00000085_SP000117" VPOS="1467" WIDTH="22"/>
        <String CONTENT="de" HEIGHT="32" HPOS="1304" ID="PAG_00000085_ST000135" STYLEREFS="TXT_1" VPOS="1467" WC="1" WIDTH="41"/>
        <SP HPOS="1345" ID="PAG_00000085_SP000118" VPOS="1468" WIDTH="32"/>
        <String CONTENT="bronzes." HEIGHT="31" HPOS="1377" ID="PAG_00000085_ST000136" STYLEREFS="TXT_1" VPOS="1468" WC="1" WIDTH="155"/>
        <SP HPOS="1532" ID="PAG_00000085_SP000119" VPOS="1467" WIDTH="31"/>
        <String CONTENT="E." HEIGHT="34" HPOS="1563" ID="PAG_00000085_ST000137" STYLEREFS="TXT_1" VPOS="1467" WC="1" WIDTH="35"/>
        <SP HPOS="1598" ID="PAG_00000085_SP000120" VPOS="1467" WIDTH="25"/>
        <String CONTENT="F." HEIGHT="34" HPOS="1623" ID="PAG_00000085_ST000138" STYLEREFS="TXT_1" VPOS="1467" WC="1" WIDTH="33"/>
        <SP HPOS="1656" ID="PAG_00000085_SP000121" VPOS="1467" WIDTH="23"/>
        <String CONTENT="XIXe" HEIGHT="35" HPOS="1679" ID="PAG_00000085_ST000139" STYLEREFS="TXT_1" VPOS="1467" WC="0.99" WIDTH="79"/>
        <SP HPOS="1758" ID="PAG_00000085_SP000122" VPOS="1467" WIDTH="1"/>
        <String CONTENT="S." HEIGHT="35" HPOS="1758" ID="PAG_00000085_ST000140" STYLEREFS="TXT_1" VPOS="1467" WC="0.99" WIDTH="64"/>
        <SP HPOS="1822" ID="PAG_00000085_SP000123" VPOS="1468" WIDTH="25"/>
        <String CONTENT="1er" HEIGHT="34" HPOS="1847" ID="PAG_00000085_ST000141" STYLEREFS="TXT_1" VPOS="1468" WC="0.99" WIDTH="49"/>
        <SP HPOS="1896" ID="PAG_00000085_SP000124" VPOS="1467" WIDTH="23"/>
        <String CONTENT="étage" HEIGHT="46" HPOS="1919" ID="PAG_00000085_ST000142" STYLEREFS="TXT_1" VPOS="1467" WC="1" WIDTH="114"/>
        <SP HPOS="2033" ID="PAG_00000085_SP000125" VPOS="1469" WIDTH="23"/>
        <String CONTENT="III" HEIGHT="34" HPOS="2056" ID="PAG_00000085_ST000143" STYLEREFS="TXT_1" VPOS="1469" WC="1" WIDTH="53"/>
      </TextLine>
      <TextLine HEIGHT="47" HPOS="441" ID="PAG_00000085_TL000019" STYLEREFS="TXT_1" VPOS="1531" WIDTH="1314">
        <String CONTENT="779" HEIGHT="35" HPOS="441" ID="PAG_00000085_ST000144" STYLEREFS="TXT_1" VPOS="1531" WC="1" WIDTH="68"/>
        <SP HPOS="509" ID="PAG_00000085_SP000126" VPOS="1543" WIDTH="26"/>
        <String CONTENT="a" HEIGHT="21" HPOS="535" ID="PAG_00000085_ST000145" STYLEREFS="TXT_1" VPOS="1543" WC="0.98" WIDTH="21"/>
        <SP HPOS="556" ID="PAG_00000085_SP000127" VPOS="1532" WIDTH="76"/>
        <String CONTENT="Riesener," HEIGHT="43" HPOS="632" ID="PAG_00000085_ST000146" STYLEREFS="TXT_1" VPOS="1532" WC="1" WIDTH="200"/>
        <SP HPOS="832" ID="PAG_00000085_SP000128" VPOS="1531" WIDTH="30"/>
        <String CONTENT="Louis-Antoine-Léon." HEIGHT="36" HPOS="862" ID="PAG_00000085_ST000147" STYLEREFS="TXT_1" VPOS="1531" WC="1" WIDTH="438"/>
        <SP HPOS="1300" ID="PAG_00000085_SP000129" VPOS="1531" WIDTH="30"/>
        <String CONTENT="(1808-1878)." HEIGHT="47" HPOS="1330" ID="PAG_00000085_ST000148" STYLEREFS="TXT_1" VPOS="1531" WC="0.99" WIDTH="249"/>
        <SP HPOS="1579" ID="PAG_00000085_SP000130" VPOS="1553" WIDTH="31"/>
        <String CONTENT="&#8212;" HEIGHT="3" HPOS="1610" ID="PAG_00000085_ST000149" STYLEREFS="TXT_1" VPOS="1553" WC="0.66" WIDTH="43"/>
        <SP HPOS="1653" ID="PAG_00000085_SP000131" VPOS="1534" WIDTH="24"/>
        <String CONTENT="Bac-" HEIGHT="32" HPOS="1677" ID="PAG_00000085_ST000150" STYLEREFS="TXT_1" SUBS_CONTENT="Bacchante" SUBS_TYPE="HypPart1" VPOS="1534" WC="1" WIDTH="78"/>
        <HYP CONTENT="-" HPOS="1755" VPOS="1566" WIDTH="30"/>
      </TextLine>
      <TextLine HEIGHT="47" HPOS="776" ID="PAG_00000085_TL000020" STYLEREFS="TXT_1" VPOS="1591" WIDTH="1167">
        <String CONTENT="chante" HEIGHT="33" HPOS="776" ID="PAG_00000085_ST000151" STYLEREFS="TXT_1" SUBS_CONTENT="Bacchante" SUBS_TYPE="HypPart2" VPOS="1593" WC="1" WIDTH="125"/>
        <SP HPOS="901" ID="PAG_00000085_SP000132" VPOS="1591" WIDTH="24"/>
        <String CONTENT="(Erigone)" HEIGHT="47" HPOS="925" ID="PAG_00000085_ST000152" STYLEREFS="TXT_1" VPOS="1591" WC="0.94" WIDTH="848"/>
        <SP HPOS="1773" ID="PAG_00000085_SP000133" VPOS="1591" WIDTH="1"/>
        <String CONTENT="&#8212;" HEIGHT="47" HPOS="1773" ID="PAG_00000085_ST000153" STYLEREFS="TXT_1" VPOS="1591" WC="0.94" WIDTH="170"/>
      </TextLine>
      <TextLine HEIGHT="48" HPOS="441" ID="PAG_00000085_TL000021" STYLEREFS="TXT_1" VPOS="1656" WIDTH="1314">
        <String CONTENT="780" HEIGHT="35" HPOS="441" ID="PAG_00000085_ST000154" STYLEREFS="TXT_1" VPOS="1657" WC="1" WIDTH="68"/>
        <SP HPOS="509" ID="PAG_00000085_SP000134" VPOS="1658" WIDTH="125"/>
        <String CONTENT="Rigaud" HEIGHT="44" HPOS="634" ID="PAG_00000085_ST000155" STYLEREFS="TXT_1" VPOS="1658" WC="1" WIDTH="149"/>
        <SP HPOS="783" ID="PAG_00000085_SP000135" VPOS="1669" WIDTH="27"/>
        <String CONTENT="y" HEIGHT="34" HPOS="810" ID="PAG_00000085_ST000156" STYLEREFS="TXT_1" VPOS="1669" WC="1" WIDTH="25"/>
        <SP HPOS="835" ID="PAG_00000085_SP000136" VPOS="1659" WIDTH="28"/>
        <String CONTENT="Ros," HEIGHT="42" HPOS="863" ID="PAG_00000085_ST000157" STYLEREFS="TXT_1" VPOS="1659" WC="1" WIDTH="84"/>
        <SP HPOS="947" ID="PAG_00000085_SP000137" VPOS="1658" WIDTH="31"/>
        <String CONTENT="Hyacinthe." HEIGHT="44" HPOS="978" ID="PAG_00000085_ST000158" STYLEREFS="TXT_1" VPOS="1658" WC="1" WIDTH="232"/>
        <SP HPOS="1210" ID="PAG_00000085_SP000138" VPOS="1656" WIDTH="31"/>
        <String CONTENT="(1659-1743)." HEIGHT="48" HPOS="1241" ID="PAG_00000085_ST000159" STYLEREFS="TXT_1" VPOS="1656" WC="0.99" WIDTH="250"/>
        <SP HPOS="1491" ID="PAG_00000085_SP000139" VPOS="1678" WIDTH="32"/>
        <String CONTENT="&#8212;" HEIGHT="3" HPOS="1523" ID="PAG_00000085_ST000160" STYLEREFS="TXT_1" VPOS="1678" WC="0.66" WIDTH="42"/>
        <SP HPOS="1565" ID="PAG_00000085_SP000140" VPOS="1659" WIDTH="36"/>
        <String CONTENT="La" HEIGHT="31" HPOS="1601" ID="PAG_00000085_ST000161" STYLEREFS="TXT_1" VPOS="1659" WC="1" WIDTH="42"/>
        <SP HPOS="1643" ID="PAG_00000085_SP000141" VPOS="1658" WIDTH="36"/>
        <String CONTENT="Pré-" HEIGHT="33" HPOS="1679" ID="PAG_00000085_ST000162" STYLEREFS="TXT_1" SUBS_CONTENT="Présentation" SUBS_TYPE="HypPart1" VPOS="1658" WC="1" WIDTH="76"/>
        <HYP CONTENT="-" HPOS="1755" VPOS="1691" WIDTH="30"/>
      </TextLine>
      <TextLine HEIGHT="43" HPOS="825" ID="PAG_00000085_TL000022" STYLEREFS="TXT_1" VPOS="1718" WIDTH="1101">
        <String CONTENT="sentation" HEIGHT="33" HPOS="825" ID="PAG_00000085_ST000163" STYLEREFS="TXT_1" SUBS_CONTENT="Présentation" SUBS_TYPE="HypPart2" VPOS="1719" WC="1" WIDTH="173"/>
        <SP HPOS="998" ID="PAG_00000085_SP000142" VPOS="1730" WIDTH="30"/>
        <String CONTENT="au" HEIGHT="21" HPOS="1028" ID="PAG_00000085_ST000164" STYLEREFS="TXT_1" VPOS="1730" WC="1" WIDTH="42"/>
        <SP HPOS="1070" ID="PAG_00000085_SP000143" VPOS="1719" WIDTH="29"/>
        <String CONTENT="temple." HEIGHT="42" HPOS="1099" ID="PAG_00000085_ST000165" STYLEREFS="TXT_1" VPOS="1719" WC="0.99" WIDTH="647"/>
        <SP HPOS="1746" ID="PAG_00000085_SP000144" VPOS="1718" WIDTH="58"/>
        <String CONTENT="XIV-S" HEIGHT="35" HPOS="1804" ID="PAG_00000085_ST000166" STYLEREFS="TXT_1" VPOS="1718" WC="1" WIDTH="122"/>
      </TextLine>
      <TextLine HEIGHT="44" HPOS="442" ID="PAG_00000085_TL000023" STYLEREFS="TXT_1" VPOS="1777" WIDTH="1490">
        <String CONTENT="781" HEIGHT="34" HPOS="442" ID="PAG_00000085_ST000167" STYLEREFS="TXT_1" VPOS="1777" WC="1" WIDTH="64"/>
        <SP HPOS="506" ID="PAG_00000085_SP000145" VPOS="1799" WIDTH="176"/>
        <String CONTENT="&#8212;" HEIGHT="2" HPOS="682" ID="PAG_00000085_ST000168" STYLEREFS="TXT_1" VPOS="1799" WC="0.66" WIDTH="41"/>
        <SP HPOS="723" ID="PAG_00000085_SP000146" VPOS="1779" WIDTH="55"/>
        <String CONTENT="Portrait" HEIGHT="32" HPOS="778" ID="PAG_00000085_ST000169" STYLEREFS="TXT_1" VPOS="1779" WC="1" WIDTH="141"/>
        <SP HPOS="919" ID="PAG_00000085_SP000147" VPOS="1779" WIDTH="27"/>
        <String CONTENT="du" HEIGHT="32" HPOS="946" ID="PAG_00000085_ST000170" STYLEREFS="TXT_1" VPOS="1779" WC="1" WIDTH="46"/>
        <SP HPOS="992" ID="PAG_00000085_SP000148" VPOS="1778" WIDTH="30"/>
        <String CONTENT="roi" HEIGHT="33" HPOS="1022" ID="PAG_00000085_ST000171" STYLEREFS="TXT_1" VPOS="1778" WC="1" WIDTH="45"/>
        <SP HPOS="1067" ID="PAG_00000085_SP000149" VPOS="1778" WIDTH="31"/>
        <String CONTENT="Louis" HEIGHT="33" HPOS="1098" ID="PAG_00000085_ST000172" STYLEREFS="TXT_1" VPOS="1778" WC="1" WIDTH="102"/>
        <SP HPOS="1200" ID="PAG_00000085_SP000150" VPOS="1779" WIDTH="29"/>
        <String CONTENT="XIV," HEIGHT="41" HPOS="1229" ID="PAG_00000085_ST000173" STYLEREFS="TXT_1" VPOS="1779" WC="1" WIDTH="85"/>
        <SP HPOS="1314" ID="PAG_00000085_SP000151" VPOS="1777" WIDTH="31"/>
        <String CONTENT="peint" HEIGHT="44" HPOS="1345" ID="PAG_00000085_ST000174" STYLEREFS="TXT_1" VPOS="1777" WC="1" WIDTH="96"/>
        <SP HPOS="1441" ID="PAG_00000085_SP000152" VPOS="1789" WIDTH="27"/>
        <String CONTENT="en" HEIGHT="21" HPOS="1468" ID="PAG_00000085_ST000175" STYLEREFS="TXT_1" VPOS="1789" WC="1" WIDTH="41"/>
        <SP HPOS="1509" ID="PAG_00000085_SP000153" VPOS="1787" WIDTH="35"/>
        <String CONTENT="1701." HEIGHT="34" HPOS="1544" ID="PAG_00000085_ST000176" STYLEREFS="TXT_1" VPOS="1787" WC="1" WIDTH="204"/>
        <SP HPOS="1748" ID="PAG_00000085_SP000154" VPOS="1778" WIDTH="58"/>
        <String CONTENT="XIV-E" HEIGHT="34" HPOS="1806" ID="PAG_00000085_ST000177" STYLEREFS="TXT_1" VPOS="1778" WC="1" WIDTH="126"/>
      </TextLine>
      <TextLine HEIGHT="46" HPOS="442" ID="PAG_00000085_TL000024" STYLEREFS="TXT_1" VPOS="1836" WIDTH="1310">
        <String CONTENT="782" HEIGHT="36" HPOS="442" ID="PAG_00000085_ST000178" STYLEREFS="TXT_1" VPOS="1836" WC="1" WIDTH="67"/>
        <SP HPOS="509" ID="PAG_00000085_SP000155" VPOS="1858" WIDTH="174"/>
        <String CONTENT="&#8212;" HEIGHT="3" HPOS="683" ID="PAG_00000085_ST000179" STYLEREFS="TXT_1" VPOS="1858" WC="0.66" WIDTH="41"/>
        <SP HPOS="724" ID="PAG_00000085_SP000156" VPOS="1838" WIDTH="54"/>
        <String CONTENT="Portrait" HEIGHT="33" HPOS="778" ID="PAG_00000085_ST000180" STYLEREFS="TXT_1" VPOS="1838" WC="1" WIDTH="142"/>
        <SP HPOS="920" ID="PAG_00000085_SP000157" VPOS="1839" WIDTH="27"/>
        <String CONTENT="de" HEIGHT="32" HPOS="947" ID="PAG_00000085_ST000181" STYLEREFS="TXT_1" VPOS="1839" WC="1" WIDTH="41"/>
        <SP HPOS="988" ID="PAG_00000085_SP000158" VPOS="1839" WIDTH="30"/>
        <String CONTENT="Philippe" HEIGHT="42" HPOS="1018" ID="PAG_00000085_ST000182" STYLEREFS="TXT_1" VPOS="1839" WC="0.99" WIDTH="155"/>
        <SP HPOS="1173" ID="PAG_00000085_SP000159" VPOS="1839" WIDTH="29"/>
        <String CONTENT="V," HEIGHT="41" HPOS="1202" ID="PAG_00000085_ST000183" STYLEREFS="TXT_1" VPOS="1839" WC="1" WIDTH="38"/>
        <SP HPOS="1240" ID="PAG_00000085_SP000160" VPOS="1837" WIDTH="32"/>
        <String CONTENT="roi" HEIGHT="33" HPOS="1272" ID="PAG_00000085_ST000184" STYLEREFS="TXT_1" VPOS="1837" WC="1" WIDTH="45"/>
        <SP HPOS="1317" ID="PAG_00000085_SP000161" VPOS="1837" WIDTH="30"/>
        <String CONTENT="d'Espagne," HEIGHT="45" HPOS="1347" ID="PAG_00000085_ST000185" STYLEREFS="TXT_1" VPOS="1837" WC="1" WIDTH="208"/>
        <SP HPOS="1555" ID="PAG_00000085_SP000162" VPOS="1837" WIDTH="31"/>
        <String CONTENT="peint" HEIGHT="43" HPOS="1586" ID="PAG_00000085_ST000186" STYLEREFS="TXT_1" VPOS="1837" WC="1" WIDTH="95"/>
        <SP HPOS="1681" ID="PAG_00000085_SP000163" VPOS="1849" WIDTH="31"/>
        <String CONTENT="en" HEIGHT="21" HPOS="1712" ID="PAG_00000085_ST000187" STYLEREFS="TXT_1" VPOS="1849" WC="1" WIDTH="40"/>
      </TextLine>
      <TextLine HEIGHT="56" HPOS="805" ID="PAG_00000085_TL000025" STYLEREFS="TXT_1" VPOS="1887" WIDTH="1132">
        <String CONTENT="1700." HEIGHT="56" HPOS="805" ID="PAG_00000085_ST000188" STYLEREFS="TXT_1" VPOS="1887" WC="0.98" WIDTH="942"/>
        <SP HPOS="1747" ID="PAG_00000085_SP000164" VPOS="1897" WIDTH="60"/>
        <String CONTENT="XIV-N" HEIGHT="34" HPOS="1807" ID="PAG_00000085_ST000189" STYLEREFS="TXT_1" VPOS="1897" WC="1" WIDTH="130"/>
      </TextLine>
      <TextLine HEIGHT="45" HPOS="443" ID="PAG_00000085_TL000026" STYLEREFS="TXT_1" VPOS="1956" WIDTH="1485">
        <String CONTENT="784" HEIGHT="34" HPOS="443" ID="PAG_00000085_ST000190" STYLEREFS="TXT_1" VPOS="1957" WC="1" WIDTH="67"/>
        <SP HPOS="510" ID="PAG_00000085_SP000165" VPOS="1978" WIDTH="172"/>
        <String CONTENT="&#8212;" HEIGHT="3" HPOS="682" ID="PAG_00000085_ST000191" STYLEREFS="TXT_1" VPOS="1978" WC="0.66" WIDTH="42"/>
        <SP HPOS="724" ID="PAG_00000085_SP000166" VPOS="1958" WIDTH="55"/>
        <String CONTENT="Portrait" HEIGHT="33" HPOS="779" ID="PAG_00000085_ST000192" STYLEREFS="TXT_1" VPOS="1958" WC="1" WIDTH="140"/>
        <SP HPOS="919" ID="PAG_00000085_SP000167" VPOS="1959" WIDTH="27"/>
        <String CONTENT="de" HEIGHT="32" HPOS="946" ID="PAG_00000085_ST000193" STYLEREFS="TXT_1" VPOS="1959" WC="1" WIDTH="41"/>
        <SP HPOS="987" ID="PAG_00000085_SP000168" VPOS="1958" WIDTH="29"/>
        <String CONTENT="Marie" HEIGHT="33" HPOS="1016" ID="PAG_00000085_ST000194" STYLEREFS="TXT_1" VPOS="1958" WC="1" WIDTH="103"/>
        <SP HPOS="1119" ID="PAG_00000085_SP000169" VPOS="1959" WIDTH="28"/>
        <String CONTENT="Serre," HEIGHT="39" HPOS="1147" ID="PAG_00000085_ST000195" STYLEREFS="TXT_1" VPOS="1959" WC="1" WIDTH="104"/>
        <SP HPOS="1251" ID="PAG_00000085_SP000170" VPOS="1958" WIDTH="31"/>
        <String CONTENT="mère" HEIGHT="32" HPOS="1282" ID="PAG_00000085_ST000196" STYLEREFS="TXT_1" VPOS="1958" WC="1" WIDTH="90"/>
        <SP HPOS="1372" ID="PAG_00000085_SP000171" VPOS="1958" WIDTH="27"/>
        <String CONTENT="de" HEIGHT="31" HPOS="1399" ID="PAG_00000085_ST000197" STYLEREFS="TXT_1" VPOS="1958" WC="1" WIDTH="41"/>
        <SP HPOS="1440" ID="PAG_00000085_SP000172" VPOS="1957" WIDTH="29"/>
        <String CONTENT="Rigaud" HEIGHT="44" HPOS="1469" ID="PAG_00000085_ST000198" STYLEREFS="TXT_1" VPOS="1957" WC="0.99" WIDTH="129"/>
        <SP HPOS="1598" ID="PAG_00000085_SP000173" VPOS="1957" WIDTH="58"/>
        <String CONTENT="XVI-S" HEIGHT="35" HPOS="1805" ID="PAG_00000085_ST000199" STYLEREFS="TXT_1" VPOS="1956" WC="1" WIDTH="123"/>
      </TextLine>
      <TextLine HEIGHT="45" HPOS="443" ID="PAG_00000085_TL000027" STYLEREFS="TXT_1" VPOS="2016" WIDTH="1311">
        <String CONTENT="786" HEIGHT="35" HPOS="443" ID="PAG_00000085_ST000200" STYLEREFS="TXT_1" VPOS="2017" WC="1" WIDTH="66"/>
        <SP HPOS="509" ID="PAG_00000085_SP000174" VPOS="2038" WIDTH="175"/>
        <String CONTENT="&#8212;" HEIGHT="3" HPOS="684" ID="PAG_00000085_ST000201" STYLEREFS="TXT_1" VPOS="2038" WC="0.66" WIDTH="42"/>
        <SP HPOS="726" ID="PAG_00000085_SP000175" VPOS="2018" WIDTH="55"/>
        <String CONTENT="Portraits" HEIGHT="33" HPOS="781" ID="PAG_00000085_ST000202" STYLEREFS="TXT_1" VPOS="2018" WC="1" WIDTH="159"/>
        <SP HPOS="940" ID="PAG_00000085_SP000176" VPOS="2019" WIDTH="27"/>
        <String CONTENT="des" HEIGHT="32" HPOS="967" ID="PAG_00000085_ST000203" STYLEREFS="TXT_1" VPOS="2019" WC="1" WIDTH="60"/>
        <SP HPOS="1027" ID="PAG_00000085_SP000177" VPOS="2018" WIDTH="29"/>
        <String CONTENT="peintres" HEIGHT="43" HPOS="1056" ID="PAG_00000085_ST000204" STYLEREFS="TXT_1" VPOS="2018" WC="1" WIDTH="150"/>
        <SP HPOS="1206" ID="PAG_00000085_SP000178" VPOS="2018" WIDTH="27"/>
        <String CONTENT="Charles" HEIGHT="32" HPOS="1233" ID="PAG_00000085_ST000205" STYLEREFS="TXT_1" VPOS="2018" WC="1" WIDTH="141"/>
        <SP HPOS="1374" ID="PAG_00000085_SP000179" VPOS="2018" WIDTH="28"/>
        <String CONTENT="Le" HEIGHT="31" HPOS="1402" ID="PAG_00000085_ST000206" STYLEREFS="TXT_1" VPOS="2018" WC="1" WIDTH="41"/>
        <SP HPOS="1443" ID="PAG_00000085_SP000180" VPOS="2018" WIDTH="30"/>
        <String CONTENT="Brun" HEIGHT="31" HPOS="1473" ID="PAG_00000085_ST000207" STYLEREFS="TXT_1" VPOS="2018" WC="1" WIDTH="85"/>
        <SP HPOS="1558" ID="PAG_00000085_SP000181" VPOS="2020" WIDTH="30"/>
        <String CONTENT="et" HEIGHT="29" HPOS="1588" ID="PAG_00000085_ST000208" STYLEREFS="TXT_1" VPOS="2020" WC="1" WIDTH="33"/>
        <SP HPOS="1621" ID="PAG_00000085_SP000182" VPOS="2016" WIDTH="28"/>
        <String CONTENT="Pierre" HEIGHT="33" HPOS="1649" ID="PAG_00000085_ST000209" STYLEREFS="TXT_1" VPOS="2016" WC="1" WIDTH="105"/>
      </TextLine>
      <TextLine HEIGHT="48" HPOS="826" ID="PAG_00000085_TL000028" STYLEREFS="TXT_1" VPOS="2075" WIDTH="1082">
        <String CONTENT="Mignard." HEIGHT="45" HPOS="826" ID="PAG_00000085_ST000210" STYLEREFS="TXT_1" VPOS="2078" WC="1" WIDTH="920"/>
        <SP HPOS="1746" ID="PAG_00000085_SP000183" VPOS="2075" WIDTH="58"/>
        <String CONTENT="XV-S" HEIGHT="35" HPOS="1804" ID="PAG_00000085_ST000211" STYLEREFS="TXT_1" VPOS="2075" WC="1" WIDTH="104"/>
      </TextLine>
      <TextLine HEIGHT="43" HPOS="443" ID="PAG_00000085_TL000029" STYLEREFS="TXT_1" VPOS="2135" WIDTH="1312">
        <String CONTENT="788" HEIGHT="35" HPOS="443" ID="PAG_00000085_ST000212" STYLEREFS="TXT_1" VPOS="2137" WC="1" WIDTH="66"/>
        <SP HPOS="509" ID="PAG_00000085_SP000184" VPOS="2158" WIDTH="174"/>
        <String CONTENT="&#8212;" HEIGHT="3" HPOS="683" ID="PAG_00000085_ST000213" STYLEREFS="TXT_1" VPOS="2158" WC="0.66" WIDTH="40"/>
        <SP HPOS="723" ID="PAG_00000085_SP000185" VPOS="2138" WIDTH="56"/>
        <String CONTENT="Portraits" HEIGHT="32" HPOS="779" ID="PAG_00000085_ST000214" STYLEREFS="TXT_1" VPOS="2138" WC="1" WIDTH="159"/>
        <SP HPOS="938" ID="PAG_00000085_SP000186" VPOS="2138" WIDTH="27"/>
        <String CONTENT="de" HEIGHT="34" HPOS="965" ID="PAG_00000085_ST000215" STYLEREFS="TXT_1" VPOS="2138" WC="1" WIDTH="45"/>
        <SP HPOS="1010" ID="PAG_00000085_SP000187" VPOS="2137" WIDTH="30"/>
        <String CONTENT="Pierre" HEIGHT="33" HPOS="1040" ID="PAG_00000085_ST000216" STYLEREFS="TXT_1" VPOS="2137" WC="1" WIDTH="105"/>
        <SP HPOS="1145" ID="PAG_00000085_SP000188" VPOS="2136" WIDTH="29"/>
        <String CONTENT="Frédéric" HEIGHT="33" HPOS="1174" ID="PAG_00000085_ST000217" STYLEREFS="TXT_1" VPOS="2136" WC="1" WIDTH="151"/>
        <SP HPOS="1325" ID="PAG_00000085_SP000189" VPOS="2136" WIDTH="29"/>
        <String CONTENT="Léonard," HEIGHT="40" HPOS="1354" ID="PAG_00000085_ST000218" STYLEREFS="TXT_1" VPOS="2136" WC="1" WIDTH="163"/>
        <SP HPOS="1517" ID="PAG_00000085_SP000190" VPOS="2135" WIDTH="38"/>
        <String CONTENT="imprimeur" HEIGHT="43" HPOS="1555" ID="PAG_00000085_ST000219" STYLEREFS="TXT_1" VPOS="2135" WC="1" WIDTH="200"/>
      </TextLine>
      <TextLine HEIGHT="43" HPOS="826" ID="PAG_00000085_TL000030" STYLEREFS="TXT_1" VPOS="2195" WIDTH="930">
        <String CONTENT="du" HEIGHT="32" HPOS="826" ID="PAG_00000085_ST000220" STYLEREFS="TXT_1" VPOS="2198" WC="1" WIDTH="46"/>
        <SP HPOS="872" ID="PAG_00000085_SP000191" VPOS="2197" WIDTH="30"/>
        <String CONTENT="roi," HEIGHT="41" HPOS="902" ID="PAG_00000085_ST000221" STYLEREFS="TXT_1" VPOS="2197" WC="1" WIDTH="59"/>
        <SP HPOS="961" ID="PAG_00000085_SP000192" VPOS="2198" WIDTH="31"/>
        <String CONTENT="de" HEIGHT="32" HPOS="992" ID="PAG_00000085_ST000222" STYLEREFS="TXT_1" VPOS="2198" WC="1" WIDTH="41"/>
        <SP HPOS="1033" ID="PAG_00000085_SP000193" VPOS="2208" WIDTH="29"/>
        <String CONTENT="sa" HEIGHT="21" HPOS="1062" ID="PAG_00000085_ST000223" STYLEREFS="TXT_1" VPOS="2208" WC="1" WIDTH="34"/>
        <SP HPOS="1096" ID="PAG_00000085_SP000194" VPOS="2197" WIDTH="29"/>
        <String CONTENT="femme" HEIGHT="32" HPOS="1125" ID="PAG_00000085_ST000224" STYLEREFS="TXT_1" VPOS="2197" WC="1" WIDTH="127"/>
        <SP HPOS="1252" ID="PAG_00000085_SP000195" VPOS="2195" WIDTH="32"/>
        <String CONTENT="Marie-Anne" HEIGHT="33" HPOS="1284" ID="PAG_00000085_ST000225" STYLEREFS="TXT_1" VPOS="2195" WC="1" WIDTH="219"/>
        <SP HPOS="1503" ID="PAG_00000085_SP000196" VPOS="2195" WIDTH="36"/>
        <String CONTENT="des" HEIGHT="32" HPOS="1539" ID="PAG_00000085_ST000226" STYLEREFS="TXT_1" VPOS="2195" WC="1" WIDTH="60"/>
        <SP HPOS="1599" ID="PAG_00000085_SP000197" VPOS="2196" WIDTH="28"/>
        <String CONTENT="Essarts" HEIGHT="31" HPOS="1627" ID="PAG_00000085_ST000227" STYLEREFS="TXT_1" VPOS="2196" WC="1" WIDTH="129"/>
      </TextLine>
      <TextLine HEIGHT="37" HPOS="826" ID="PAG_00000085_TL000031" STYLEREFS="TXT_1" VPOS="2253" WIDTH="1099">
        <String CONTENT="et" HEIGHT="28" HPOS="826" ID="PAG_00000085_ST000228" STYLEREFS="TXT_1" VPOS="2262" WC="1" WIDTH="31"/>
        <SP HPOS="857" ID="PAG_00000085_SP000198" VPOS="2258" WIDTH="28"/>
        <String CONTENT="de" HEIGHT="31" HPOS="885" ID="PAG_00000085_ST000229" STYLEREFS="TXT_1" VPOS="2258" WC="1" WIDTH="41"/>
        <SP HPOS="926" ID="PAG_00000085_SP000199" VPOS="2256" WIDTH="29"/>
        <String CONTENT="leur" HEIGHT="33" HPOS="955" ID="PAG_00000085_ST000230" STYLEREFS="TXT_1" VPOS="2256" WC="0.95" WIDTH="101"/>
        <SP HPOS="1056" ID="PAG_00000085_SP000200" VPOS="2256" WIDTH="1"/>
        <String CONTENT="fille" HEIGHT="33" HPOS="1056" ID="PAG_00000085_ST000231" STYLEREFS="TXT_1" VPOS="2256" WC="0.95" WIDTH="121"/>
        <SP HPOS="1177" ID="PAG_00000085_SP000201" VPOS="2256" WIDTH="1"/>
        <String CONTENT="Marie-Anne.," HEIGHT="33" HPOS="1177" ID="PAG_00000085_ST000232" STYLEREFS="TXT_1" VPOS="2256" WC="0.95" WIDTH="567"/>
        <SP HPOS="1744" ID="PAG_00000085_SP000202" VPOS="2253" WIDTH="59"/>
        <String CONTENT="XIV-S" HEIGHT="35" HPOS="1803" ID="PAG_00000085_ST000233" STYLEREFS="TXT_1" VPOS="2253" WC="0.99" WIDTH="122"/>
      </TextLine>
      <TextLine HEIGHT="44" HPOS="444" ID="PAG_00000085_TL000032" STYLEREFS="TXT_1" VPOS="2313" WIDTH="1307">
        <String CONTENT="789" HEIGHT="35" HPOS="444" ID="PAG_00000085_ST000234" STYLEREFS="TXT_1" VPOS="2316" WC="1" WIDTH="67"/>
        <SP HPOS="511" ID="PAG_00000085_SP000203" VPOS="2337" WIDTH="172"/>
        <String CONTENT="&#8212;" HEIGHT="15" HPOS="683" ID="PAG_00000085_ST000235" STYLEREFS="TXT_1" VPOS="2337" WC="0.66" WIDTH="42"/>
        <SP HPOS="725" ID="PAG_00000085_SP000204" VPOS="2317" WIDTH="54"/>
        <String CONTENT="Portraits" HEIGHT="33" HPOS="779" ID="PAG_00000085_ST000236" STYLEREFS="TXT_1" VPOS="2317" WC="1" WIDTH="159"/>
        <SP HPOS="938" ID="PAG_00000085_SP000205" VPOS="2317" WIDTH="27"/>
        <String CONTENT="de" HEIGHT="32" HPOS="965" ID="PAG_00000085_ST000237" STYLEREFS="TXT_1" VPOS="2317" WC="1" WIDTH="41"/>
        <SP HPOS="1006" ID="PAG_00000085_SP000206" VPOS="2316" WIDTH="28"/>
        <String CONTENT="René" HEIGHT="32" HPOS="1034" ID="PAG_00000085_ST000238" STYLEREFS="TXT_1" VPOS="2316" WC="1" WIDTH="93"/>
        <SP HPOS="1127" ID="PAG_00000085_SP000207" VPOS="2315" WIDTH="29"/>
        <String CONTENT="Laffitte," HEIGHT="41" HPOS="1156" ID="PAG_00000085_ST000239" STYLEREFS="TXT_1" VPOS="2315" WC="1" WIDTH="145"/>
        <SP HPOS="1301" ID="PAG_00000085_SP000208" VPOS="2314" WIDTH="27"/>
        <String CONTENT="beau-frère" HEIGHT="33" HPOS="1328" ID="PAG_00000085_ST000240" STYLEREFS="TXT_1" VPOS="2314" WC="1" WIDTH="190"/>
        <SP HPOS="1518" ID="PAG_00000085_SP000209" VPOS="2314" WIDTH="21"/>
        <String CONTENT="de" HEIGHT="32" HPOS="1539" ID="PAG_00000085_ST000241" STYLEREFS="TXT_1" VPOS="2314" WC="1" WIDTH="41"/>
        <SP HPOS="1580" ID="PAG_00000085_SP000210" VPOS="2313" WIDTH="22"/>
        <String CONTENT="Rigaud." HEIGHT="44" HPOS="1602" ID="PAG_00000085_ST000242" STYLEREFS="TXT_1" VPOS="2313" WC="0.94" WIDTH="149"/>
      </TextLine>
    </TextBlock>
    <TextBlock HEIGHT="570" HPOS="444" ID="PAG_00000085_TB000005" STYLEREFS="TXT_1" TYPE="table" VPOS="2373" WIDTH="1664" language="fr">
      <TextLine HEIGHT="46" HPOS="825" ID="PAG_00000085_TL000033" STYLEREFS="TXT_1" VPOS="2373" WIDTH="930">
        <String CONTENT="de" HEIGHT="32" HPOS="825" ID="PAG_00000085_ST000243" STYLEREFS="TXT_1" VPOS="2377" WC="1" WIDTH="41"/>
        <SP HPOS="866" ID="PAG_00000085_SP000211" VPOS="2376" WIDTH="34"/>
        <String CONTENT="Claire" HEIGHT="32" HPOS="900" ID="PAG_00000085_ST000244" STYLEREFS="TXT_1" VPOS="2376" WC="1" WIDTH="108"/>
        <SP HPOS="1008" ID="PAG_00000085_SP000212" VPOS="2375" WIDTH="37"/>
        <String CONTENT="Madeleine" HEIGHT="33" HPOS="1045" ID="PAG_00000085_ST000245" STYLEREFS="TXT_1" VPOS="2375" WC="1" WIDTH="192"/>
        <SP HPOS="1237" ID="PAG_00000085_SP000213" VPOS="2374" WIDTH="39"/>
        <String CONTENT="Rigaud," HEIGHT="45" HPOS="1276" ID="PAG_00000085_ST000246" STYLEREFS="TXT_1" VPOS="2374" WC="1" WIDTH="148"/>
        <SP HPOS="1424" ID="PAG_00000085_SP000214" VPOS="2384" WIDTH="43"/>
        <String CONTENT="sa" HEIGHT="21" HPOS="1467" ID="PAG_00000085_ST000247" STYLEREFS="TXT_1" VPOS="2384" WC="1" WIDTH="34"/>
        <SP HPOS="1501" ID="PAG_00000085_SP000215" VPOS="2373" WIDTH="41"/>
        <String CONTENT="femme," HEIGHT="40" HPOS="1542" ID="PAG_00000085_ST000248" STYLEREFS="TXT_1" VPOS="2373" WC="1" WIDTH="139"/>
        <SP HPOS="1681" ID="PAG_00000085_SP000216" VPOS="2377" WIDTH="42"/>
        <String CONTENT="et" HEIGHT="28" HPOS="1723" ID="PAG_00000085_ST000249" STYLEREFS="TXT_1" VPOS="2377" WC="1" WIDTH="32"/>
      </TextLine>
      <TextLine HEIGHT="49" HPOS="824" ID="PAG_00000085_TL000034" STYLEREFS="TXT_1" VPOS="2430" WIDTH="1101">
        <String CONTENT="d'Hyacinthe" HEIGHT="44" HPOS="824" ID="PAG_00000085_ST000250" STYLEREFS="TXT_1" VPOS="2435" WC="1" WIDTH="235"/>
        <SP HPOS="1059" ID="PAG_00000085_SP000217" VPOS="2435" WIDTH="34"/>
        <String CONTENT="leur" HEIGHT="32" HPOS="1093" ID="PAG_00000085_ST000251" STYLEREFS="TXT_1" VPOS="2435" WC="1" WIDTH="72"/>
        <SP HPOS="1165" ID="PAG_00000085_SP000218" VPOS="2434" WIDTH="36"/>
        <String CONTENT="fille." HEIGHT="33" HPOS="1201" ID="PAG_00000085_ST000252" STYLEREFS="TXT_1" VPOS="2434" WC="0.98" WIDTH="543"/>
        <SP HPOS="1744" ID="PAG_00000085_SP000219" VPOS="2430" WIDTH="59"/>
        <String CONTENT="XVI-S" HEIGHT="35" HPOS="1803" ID="PAG_00000085_ST000253" STYLEREFS="TXT_1" VPOS="2430" WC="1" WIDTH="122"/>
      </TextLine>
      <TextLine HEIGHT="45" HPOS="444" ID="PAG_00000085_TL000035" STYLEREFS="TXT_1" VPOS="2490" WIDTH="1308">
        <String CONTENT="790" HEIGHT="35" HPOS="444" ID="PAG_00000085_ST000254" STYLEREFS="TXT_1" VPOS="2495" WC="1" WIDTH="67"/>
        <SP HPOS="511" ID="PAG_00000085_SP000220" VPOS="2516" WIDTH="172"/>
        <String CONTENT="&#8212;" HEIGHT="3" HPOS="683" ID="PAG_00000085_ST000255" STYLEREFS="TXT_1" VPOS="2516" WC="0.66" WIDTH="42"/>
        <SP HPOS="725" ID="PAG_00000085_SP000221" VPOS="2495" WIDTH="54"/>
        <String CONTENT="Portrait" HEIGHT="33" HPOS="779" ID="PAG_00000085_ST000256" STYLEREFS="TXT_1" VPOS="2495" WC="1" WIDTH="140"/>
        <SP HPOS="919" ID="PAG_00000085_SP000222" VPOS="2496" WIDTH="27"/>
        <String CONTENT="de" HEIGHT="31" HPOS="946" ID="PAG_00000085_ST000257" STYLEREFS="TXT_1" VPOS="2496" WC="1" WIDTH="41"/>
        <SP HPOS="987" ID="PAG_00000085_SP000223" VPOS="2496" WIDTH="29"/>
        <String CONTENT="Robert" HEIGHT="31" HPOS="1016" ID="PAG_00000085_ST000258" STYLEREFS="TXT_1" VPOS="2496" WC="1" WIDTH="126"/>
        <SP HPOS="1142" ID="PAG_00000085_SP000224" VPOS="2495" WIDTH="27"/>
        <String CONTENT="de" HEIGHT="31" HPOS="1169" ID="PAG_00000085_ST000259" STYLEREFS="TXT_1" VPOS="2495" WC="1" WIDTH="41"/>
        <SP HPOS="1210" ID="PAG_00000085_SP000225" VPOS="2494" WIDTH="28"/>
        <String CONTENT="Cotte," HEIGHT="39" HPOS="1238" ID="PAG_00000085_ST000260" STYLEREFS="TXT_1" VPOS="2494" WC="1" WIDTH="112"/>
        <SP HPOS="1350" ID="PAG_00000085_SP000226" VPOS="2491" WIDTH="40"/>
        <String CONTENT="premier" HEIGHT="44" HPOS="1390" ID="PAG_00000085_ST000261" STYLEREFS="TXT_1" VPOS="2491" WC="1" WIDTH="142"/>
        <SP HPOS="1532" ID="PAG_00000085_SP000227" VPOS="2490" WIDTH="36"/>
        <String CONTENT="architecte" HEIGHT="33" HPOS="1568" ID="PAG_00000085_ST000262" STYLEREFS="TXT_1" VPOS="2490" WC="1" WIDTH="184"/>
      </TextLine>
      <TextLine HEIGHT="45" HPOS="828" ID="PAG_00000085_TL000036" STYLEREFS="TXT_1" VPOS="2550" WIDTH="926">
        <String CONTENT="du" HEIGHT="31" HPOS="828" ID="PAG_00000085_ST000263" STYLEREFS="TXT_1" VPOS="2556" WC="1" WIDTH="46"/>
        <SP HPOS="874" ID="PAG_00000085_SP000228" VPOS="2555" WIDTH="29"/>
        <String CONTENT="roi," HEIGHT="40" HPOS="903" ID="PAG_00000085_ST000264" STYLEREFS="TXT_1" VPOS="2555" WC="1" WIDTH="61"/>
        <SP HPOS="964" ID="PAG_00000085_SP000229" VPOS="2554" WIDTH="31"/>
        <String CONTENT="intendant" HEIGHT="33" HPOS="995" ID="PAG_00000085_ST000265" STYLEREFS="TXT_1" VPOS="2554" WC="1" WIDTH="184"/>
        <SP HPOS="1179" ID="PAG_00000085_SP000230" VPOS="2554" WIDTH="27"/>
        <String CONTENT="des" HEIGHT="32" HPOS="1206" ID="PAG_00000085_ST000266" STYLEREFS="TXT_1" VPOS="2554" WC="1" WIDTH="60"/>
        <SP HPOS="1266" ID="PAG_00000085_SP000231" VPOS="2552" WIDTH="39"/>
        <String CONTENT="bâtiments" HEIGHT="33" HPOS="1305" ID="PAG_00000085_ST000267" STYLEREFS="TXT_1" VPOS="2552" WC="1" WIDTH="190"/>
        <SP HPOS="1495" ID="PAG_00000085_SP000232" VPOS="2555" WIDTH="32"/>
        <String CONTENT="et" HEIGHT="28" HPOS="1527" ID="PAG_00000085_ST000268" STYLEREFS="TXT_1" VPOS="2555" WC="1" WIDTH="31"/>
        <SP HPOS="1558" ID="PAG_00000085_SP000233" VPOS="2550" WIDTH="28"/>
        <String CONTENT="directeur" HEIGHT="32" HPOS="1586" ID="PAG_00000085_ST000269" STYLEREFS="TXT_1" VPOS="2550" WC="1" WIDTH="168"/>
      </TextLine>
      <TextLine HEIGHT="39" HPOS="826" ID="PAG_00000085_TL000037" STYLEREFS="TXT_1" VPOS="2608" WIDTH="1282">
        <String CONTENT="de" HEIGHT="32" HPOS="826" ID="PAG_00000085_ST000270" STYLEREFS="TXT_1" VPOS="2615" WC="1" WIDTH="41"/>
        <SP HPOS="867" ID="PAG_00000085_SP000234" VPOS="2615" WIDTH="28"/>
        <String CONTENT="la" HEIGHT="31" HPOS="895" ID="PAG_00000085_ST000271" STYLEREFS="TXT_1" VPOS="2615" WC="1" WIDTH="30"/>
        <SP HPOS="925" ID="PAG_00000085_SP000235" VPOS="2613" WIDTH="29"/>
        <String CONTENT="Monnaie" HEIGHT="33" HPOS="954" ID="PAG_00000085_ST000272" STYLEREFS="TXT_1" VPOS="2613" WC="1" WIDTH="162"/>
        <SP HPOS="1116" ID="PAG_00000085_SP000236" VPOS="2617" WIDTH="27"/>
        <String CONTENT="et" HEIGHT="29" HPOS="1143" ID="PAG_00000085_ST000273" STYLEREFS="TXT_1" VPOS="2617" WC="1" WIDTH="33"/>
        <SP HPOS="1176" ID="PAG_00000085_SP000237" VPOS="2613" WIDTH="26"/>
        <String CONTENT="des" HEIGHT="32" HPOS="1202" ID="PAG_00000085_ST000274" STYLEREFS="TXT_1" VPOS="2613" WC="1" WIDTH="61"/>
        <SP HPOS="1263" ID="PAG_00000085_SP000238" VPOS="2611" WIDTH="27"/>
        <String CONTENT="Médailles." HEIGHT="33" HPOS="1290" ID="PAG_00000085_ST000275" STYLEREFS="TXT_1" VPOS="2611" WC="0.98" WIDTH="453"/>
        <SP HPOS="1743" ID="PAG_00000085_SP000239" VPOS="2608" WIDTH="60"/>
        <String CONTENT="Esc." HEIGHT="34" HPOS="1803" ID="PAG_00000085_ST000276" STYLEREFS="TXT_1" VPOS="2608" WC="1" WIDTH="81"/>
        <SP HPOS="1884" ID="PAG_00000085_SP000240" VPOS="2608" WIDTH="30"/>
        <String CONTENT="Henri" HEIGHT="34" HPOS="1914" ID="PAG_00000085_ST000277" STYLEREFS="TXT_1" VPOS="2608" WC="1" WIDTH="118"/>
        <SP HPOS="2032" ID="PAG_00000085_SP000241" VPOS="2608" WIDTH="28"/>
        <String CONTENT="IV" HEIGHT="34" HPOS="2060" ID="PAG_00000085_ST000278" STYLEREFS="TXT_1" VPOS="2608" WC="1" WIDTH="48"/>
      </TextLine>
      <TextLine HEIGHT="48" HPOS="444" ID="PAG_00000085_TL000038" STYLEREFS="TXT_1" VPOS="2667" WIDTH="1421">
        <String CONTENT="791" HEIGHT="34" HPOS="444" ID="PAG_00000085_ST000279" STYLEREFS="TXT_1" VPOS="2675" WC="1" WIDTH="65"/>
        <SP HPOS="509" ID="PAG_00000085_SP000242" VPOS="2695" WIDTH="174"/>
        <String CONTENT="&#8212;" HEIGHT="3" HPOS="683" ID="PAG_00000085_ST000280" STYLEREFS="TXT_1" VPOS="2695" WC="0.66" WIDTH="42"/>
        <SP HPOS="725" ID="PAG_00000085_SP000243" VPOS="2674" WIDTH="55"/>
        <String CONTENT="Portrait" HEIGHT="33" HPOS="780" ID="PAG_00000085_ST000281" STYLEREFS="TXT_1" VPOS="2674" WC="1" WIDTH="140"/>
        <SP HPOS="920" ID="PAG_00000085_SP000244" VPOS="2674" WIDTH="27"/>
        <String CONTENT="du" HEIGHT="32" HPOS="947" ID="PAG_00000085_ST000282" STYLEREFS="TXT_1" VPOS="2674" WC="1" WIDTH="45"/>
        <SP HPOS="992" ID="PAG_00000085_SP000245" VPOS="2673" WIDTH="30"/>
        <String CONTENT="cardinal" HEIGHT="33" HPOS="1022" ID="PAG_00000085_ST000283" STYLEREFS="TXT_1" VPOS="2673" WC="1" WIDTH="150"/>
        <SP HPOS="1172" ID="PAG_00000085_SP000246" VPOS="2673" WIDTH="29"/>
        <String CONTENT="de" HEIGHT="32" HPOS="1201" ID="PAG_00000085_ST000284" STYLEREFS="TXT_1" VPOS="2673" WC="1" WIDTH="42"/>
        <SP HPOS="1243" ID="PAG_00000085_SP000247" VPOS="2671" WIDTH="29"/>
        <String CONTENT="Polignac." HEIGHT="44" HPOS="1272" ID="PAG_00000085_ST000285" STYLEREFS="TXT_1" VPOS="2671" WC="0.98" WIDTH="473"/>
        <SP HPOS="1745" ID="PAG_00000085_SP000248" VPOS="2667" WIDTH="60"/>
        <String CONTENT="I-E" HEIGHT="34" HPOS="1805" ID="PAG_00000085_ST000286" STYLEREFS="TXT_1" VPOS="2667" WC="1" WIDTH="60"/>
      </TextLine>
      <TextLine HEIGHT="47" HPOS="445" ID="PAG_00000085_TL000039" STYLEREFS="TXT_1" VPOS="2727" WIDTH="1308">
        <String CONTENT="792" HEIGHT="34" HPOS="445" ID="PAG_00000085_ST000287" STYLEREFS="TXT_1" VPOS="2734" WC="1" WIDTH="67"/>
        <SP HPOS="512" ID="PAG_00000085_SP000249" VPOS="2754" WIDTH="173"/>
        <String CONTENT="&#8212;" HEIGHT="3" HPOS="685" ID="PAG_00000085_ST000288" STYLEREFS="TXT_1" VPOS="2754" WC="0.66" WIDTH="42"/>
        <SP HPOS="727" ID="PAG_00000085_SP000250" VPOS="2733" WIDTH="54"/>
        <String CONTENT="Portrait" HEIGHT="33" HPOS="781" ID="PAG_00000085_ST000289" STYLEREFS="TXT_1" VPOS="2733" WC="1" WIDTH="141"/>
        <SP HPOS="922" ID="PAG_00000085_SP000251" VPOS="2733" WIDTH="27"/>
        <String CONTENT="de" HEIGHT="32" HPOS="949" ID="PAG_00000085_ST000290" STYLEREFS="TXT_1" VPOS="2733" WC="1" WIDTH="42"/>
        <SP HPOS="991" ID="PAG_00000085_SP000252" VPOS="2733" WIDTH="29"/>
        <String CONTENT="J.-F.-P." HEIGHT="41" HPOS="1020" ID="PAG_00000085_ST000291" STYLEREFS="TXT_1" VPOS="2733" WC="1" WIDTH="152"/>
        <SP HPOS="1172" ID="PAG_00000085_SP000253" VPOS="2732" WIDTH="37"/>
        <String CONTENT="de" HEIGHT="32" HPOS="1209" ID="PAG_00000085_ST000292" STYLEREFS="TXT_1" VPOS="2732" WC="1" WIDTH="41"/>
        <SP HPOS="1250" ID="PAG_00000085_SP000254" VPOS="2729" WIDTH="33"/>
        <String CONTENT="Créqui," HEIGHT="42" HPOS="1283" ID="PAG_00000085_ST000293" STYLEREFS="TXT_1" VPOS="2729" WC="1" WIDTH="137"/>
        <SP HPOS="1420" ID="PAG_00000085_SP000255" VPOS="2730" WIDTH="37"/>
        <String CONTENT="duc" HEIGHT="31" HPOS="1457" ID="PAG_00000085_ST000294" STYLEREFS="TXT_1" VPOS="2730" WC="1" WIDTH="66"/>
        <SP HPOS="1523" ID="PAG_00000085_SP000256" VPOS="2729" WIDTH="33"/>
        <String CONTENT="de" HEIGHT="32" HPOS="1556" ID="PAG_00000085_ST000295" STYLEREFS="TXT_1" VPOS="2729" WC="1" WIDTH="42"/>
        <SP HPOS="1598" ID="PAG_00000085_SP000257" VPOS="2727" WIDTH="36"/>
        <String CONTENT="Lesdi-" HEIGHT="33" HPOS="1634" ID="PAG_00000085_ST000296" STYLEREFS="TXT_1" SUBS_CONTENT="Lesdiguières," SUBS_TYPE="HypPart1" VPOS="2727" WC="1" WIDTH="119"/>
        <HYP CONTENT="-" HPOS="1753" VPOS="2760" WIDTH="30"/>
      </TextLine>
      <TextLine HEIGHT="51" HPOS="827" ID="PAG_00000085_TL000040" STYLEREFS="TXT_1" VPOS="2786" WIDTH="1036">
        <String CONTENT="guières," HEIGHT="45" HPOS="827" ID="PAG_00000085_ST000297" STYLEREFS="TXT_1" SUBS_CONTENT="Lesdiguières," SUBS_TYPE="HypPart2" VPOS="2792" WC="1" WIDTH="147"/>
        <SP HPOS="974" ID="PAG_00000085_SP000258" VPOS="2792" WIDTH="30"/>
        <String CONTENT="enfant.,." HEIGHT="32" HPOS="1004" ID="PAG_00000085_ST000298" STYLEREFS="TXT_1" VPOS="2792" WC="0.98" WIDTH="742"/>
        <SP HPOS="1746" ID="PAG_00000085_SP000259" VPOS="2786" WIDTH="58"/>
        <String CONTENT="1-0" HEIGHT="33" HPOS="1804" ID="PAG_00000085_ST000299" STYLEREFS="TXT_1" VPOS="2786" WC="1" WIDTH="59"/>
      </TextLine>
      <TextLine HEIGHT="44" HPOS="445" ID="PAG_00000085_TL000041" STYLEREFS="TXT_1" VPOS="2847" WIDTH="1305">
        <String CONTENT="793" HEIGHT="35" HPOS="445" ID="PAG_00000085_ST000300" STYLEREFS="TXT_1" VPOS="2852" WC="1" WIDTH="67"/>
        <SP HPOS="512" ID="PAG_00000085_SP000260" VPOS="2873" WIDTH="172"/>
        <String CONTENT="&#8212;" HEIGHT="2" HPOS="684" ID="PAG_00000085_ST000301" STYLEREFS="TXT_1" VPOS="2873" WC="0.66" WIDTH="41"/>
        <SP HPOS="725" ID="PAG_00000085_SP000261" VPOS="2852" WIDTH="55"/>
        <String CONTENT="Portrait" HEIGHT="33" HPOS="780" ID="PAG_00000085_ST000302" STYLEREFS="TXT_1" VPOS="2852" WC="1" WIDTH="140"/>
        <SP HPOS="920" ID="PAG_00000085_SP000262" VPOS="2852" WIDTH="27"/>
        <String CONTENT="de" HEIGHT="31" HPOS="947" ID="PAG_00000085_ST000303" STYLEREFS="TXT_1" VPOS="2852" WC="1" WIDTH="42"/>
        <SP HPOS="989" ID="PAG_00000085_SP000263" VPOS="2852" WIDTH="29"/>
        <String CONTENT="P." HEIGHT="30" HPOS="1018" ID="PAG_00000085_ST000304" STYLEREFS="TXT_1" VPOS="2852" WC="1" WIDTH="32"/>
        <SP HPOS="1050" ID="PAG_00000085_SP000264" VPOS="2851" WIDTH="30"/>
        <String CONTENT="de" HEIGHT="32" HPOS="1080" ID="PAG_00000085_ST000305" STYLEREFS="TXT_1" VPOS="2851" WC="1" WIDTH="41"/>
        <SP HPOS="1121" ID="PAG_00000085_SP000265" VPOS="2850" WIDTH="30"/>
        <String CONTENT="Bérulle," HEIGHT="41" HPOS="1151" ID="PAG_00000085_ST000306" STYLEREFS="TXT_1" VPOS="2850" WC="1" WIDTH="142"/>
        <SP HPOS="1293" ID="PAG_00000085_SP000266" VPOS="2848" WIDTH="31"/>
        <String CONTENT="premier" HEIGHT="43" HPOS="1324" ID="PAG_00000085_ST000307" STYLEREFS="TXT_1" VPOS="2848" WC="1" WIDTH="143"/>
        <SP HPOS="1467" ID="PAG_00000085_SP000267" VPOS="2847" WIDTH="36"/>
        <String CONTENT="président" HEIGHT="43" HPOS="1503" ID="PAG_00000085_ST000308" STYLEREFS="TXT_1" VPOS="2847" WC="1" WIDTH="173"/>
        <SP HPOS="1676" ID="PAG_00000085_SP000268" VPOS="2857" WIDTH="33"/>
        <String CONTENT="au" HEIGHT="21" HPOS="1709" ID="PAG_00000085_ST000309" STYLEREFS="TXT_1" VPOS="2857" WC="1" WIDTH="41"/>
      </TextLine>
      <TextLine HEIGHT="40" HPOS="828" ID="PAG_00000085_TL000042" STYLEREFS="TXT_1" VPOS="2903" WIDTH="1034">
        <String CONTENT="Parlement" HEIGHT="31" HPOS="828" ID="PAG_00000085_ST000310" STYLEREFS="TXT_1" VPOS="2912" WC="1" WIDTH="191"/>
        <SP HPOS="1019" ID="PAG_00000085_SP000269" VPOS="2911" WIDTH="22"/>
        <String CONTENT="de" HEIGHT="31" HPOS="1041" ID="PAG_00000085_ST000311" STYLEREFS="TXT_1" VPOS="2911" WC="1" WIDTH="42"/>
        <SP HPOS="1083" ID="PAG_00000085_SP000270" VPOS="2909" WIDTH="22"/>
        <String CONTENT="Grenoble." HEIGHT="33" HPOS="1105" ID="PAG_00000085_ST000312" STYLEREFS="TXT_1" VPOS="2909" WC="1" WIDTH="637"/>
        <SP HPOS="1742" ID="PAG_00000085_SP000271" VPOS="2903" WIDTH="60"/>
        <String CONTENT="1-0" HEIGHT="34" HPOS="1802" ID="PAG_00000085_ST000313" STYLEREFS="TXT_1" VPOS="2903" WC="1" WIDTH="60"/>
      </TextLine>
    </TextBlock>
    </PrintSpace>
    </Page>
  </Layout>
</alto>
