2257 3461
562 308 143 50 PARIS,
743 307 156 42 MUSÉE
931 307 239 42 NATIONAL
1206 317 58 30 DU
1298 305 183 41 LOUVRE
1759 301 57 44 47

379 438 47 33 Le
455 437 108 42 Nain,
591 437 57 34 les
675 436 126 35 frères
840 436 179 41 Antoine,
1061 435 114 34 Louis
1221 438 41 31 et
1303 433 189 35 Mathieu.

593 496 243 45 (travaillaient
864 496 87 32 dans
988 496 29 31 la
1058 494 163 43 première
1261 493 120 33 moitié
1421 496 32 30 et
1492 493 30 31 le

590 552 139 41 milieu
729 552 59 41 du
788 552 139 41 XVIIme
927 552 182 41 siècle).

377 615 165 34 Antoine
566 614 280 45 (probablement
880 611 31 46 i
911 611 192 46 =188-1648).

211 674 68 35 543
448 694 45 4 —
544 674 158 33 Portraits
729 674 87 32 dans
844 684 44 21 un
919 672 165 33 intérieur
1571 671 69 33 XII

211 733 65 35 543
276 733 50 35 a
445 753 47 4 —
542 733 158 33 Réunion
728 733 42 32 de
798 732 715 32 fami)]e.
1569 730 69 33 XII

379 793 114 34 Louis
522 791 278 46 (probablement
834 789 220 45 1501-1648).

211 851 68 35 540
445 871 45 4 —
543 852 52 32 Un
625 851 169 33 maréchal
823 851 87 32 dans
938 861 35 21 sa
1000 850 121 44 forge
1568 848 69 34 XII

211 911 67 35 542
450 931 41 4 —
545 912 42 32 La
614 911 174 33 Charrette
815 922 45 21 ou
890 911 29 31 le
948 914 111 28 retour
1086 910 42 32 de
1156 910 31 31 la
1214 909 297 33 fenaison.
1567 908 69 33 XII

210 970 67 35 548
448 991 42 4 —
542 972 110 42 Repas
678 971 42 32 de
748 980 766 34 paysans.
1572 967 61 34 I-E

186 1029 34 34 S.
249 1029 51 35 N°
445 1050 45 4 —
542 1030 157 32 Réunion
722 1030 41 32 de
785 1029 131 33 famille
937 1029 41 32 de
1000 1039 152 32 paysans
1172 1028 87 32 dans
1286 1038 47 21 un
1357 1026 161 34 intérieur
1568 1027 69 33 XII

400 1090 264 33 Probablement
692 1100 57 32 par
776 1088 128 35 Louis.

209 1148 68 35 539
448 1169 41 3 —
542 1150 42 31 La
611 1149 897 33 Crèche.
1565 1145 68 34 XII

376 1208 176 34 Mathieu
580 1206 244 48 (1607-1677).

209 1266 67 35 546
447 1287 42 4 —
535 1268 127 42 Jeunes
690 1279 85 33 gens
799 1269 126 44 jouant
951 1278 65 21 aux
1043 1270 469 29 cartes.
1567 1265 69 33 XII

185 1325 91 35 2642
447 1346 42 4 —
541 1327 158 33 Réunion
721 1327 210 33 d'amateurs
954 1326 63 45 (dit
1045 1324 176 34 autrefois:
1254 1336 66 21 une
1347 1324 172 33 Chambre

587 1375 41 33 de
657 1374 850 46 rhétorique).
1567 1371 69 34 XII

256 1885 63 33 542
538 1878 39 32 LE
603 1878 81 32 NAIN

870 1875 281 45 SOS
1151 1875 211 45 LE
1362 1875 424 45 SUEUR

397 1994 113 35 Ecole
539 1995 67 34 des
634 1995 52 34 Le
714 1995 110 34 Nain.

206 2051 65 35 541
445 2073 42 4 —
541 2056 41 30 Le
610 2066 96 31 repas
732 2054 782 45 villageois.
1569 2054 68 34 XII

206 2122 68 36 549
400 2125 161 43 Lépicié,
590 2125 362 35 Nicolas-Bernard.
971 2125 293 46 (173s-1784).—
1264 2125 126 46 Cour
1411 2126 105 33 d'une

585 2185 927 34 ferme.
1568 2185 131 34 XVI-N

207 2241 65 35 549
272 2241 50 35 a
444 2262 41 5 —
539 2244 140 33 Portrait
705 2245 42 32 de
774 2245 95 32 Carie
897 2246 124 32 Vernet
1049 2245 461 34 enfant.
1567 2244 131 34 XVI-N

182 2299 37 34 S.
250 2301 51 33 N°
447 2322 41 4 —
540 2303 98 33 Trois
664 2304 138 33 enfants
830 2309 190 40 mangeant
1047 2305 60 32 des
1134 2303 314 44 crêpes
1507 2303 89 35 Coll.
1625 2302 247 46 Schlichting

183 2371 34 36 S.
244 2372 51 33 N°
395 2373 152 44 Lépine,
588 2374 203 36 Stanislas.
841 2374 244 47 (18-56-1802).
1160 2377 42 31 Le
1242 2376 108 44 grand
1397 2375 117 33 bassin

584 2434 61 32 des
671 2434 568 35 Tuilerics.
1296 2435 38 34 E.
1367 2435 36 34 F.
1433 2435 98 33 XIXe
1558 2434 35 35 S.
1628 2434 37 34 2e
1693 2434 114 45 étage
1837 2436 34 33 II

182 2503 32 32 S.
242 2503 45 32 N°
392 2504 48 34 Le
470 2504 119 43 Roux,
618 2504 172 36 Charles.
823 2504 231 47 (1814-180=1)
1084 2526 42 3 —
1156 2505 138 33 Prairies
1331 2510 31 28 et
1391 2505 124 33 marais

583 2565 42 31 de
651 2564 141 44 Corsept
814 2576 42 21 au
880 2565 89 33 mois
995 2565 128 33 d'Août
1144 2568 18 29 à
1189 2564 262 33 l'embouchure
1472 2565 42 32 de

584 2623 31 32 la
644 2623 104 33 Loire.
805 2624 140 44 Figures
971 2625 42 31 de
1041 2624 99 33 Corot
1140 2624 367 33 .,.
1659 2644 41 4 —
1857 2626 14 33 1

181 2683 15 16 *
394 2686 48 34 Le
472 2687 118 42 Roux,
621 2688 157 35 Hector.
810 2687 244 47 (1820-1900).
1081 2708 42 5 —
1145 2688 111 33 L'Ode
1277 2692 17 29 à
1316 2689 130 33 Vénus.
1471 2709 41 3 —

580 2747 114 40 Junon
723 2750 17 29 à
766 2748 160 43 Nauplie.
956 2767 46 4 -
1030 2747 115 33 Union
1173 2748 61 32 des
1261 2748 134 43 poésies
1422 2759 94 34 grec-

583 2816 68 31 que
679 2810 33 29 et
738 2806 118 33 latine.
912 2806 294 39 Plafond.
1263 2807 201 36 Vestibule
1493 2808 67 35 des
1589 2808 34 35 S.
1661 2809 208 44 Anglaises
