2221 3466
425 344 88 45 ,1.'36
767 350 145 52 PARIS,
949 352 159 42 MUSÉE
1140 354 238 44 NATIONAL
1413 371 60 29 DU
1506 358 184 44 LOUVRE

389 477 92 36 2203
509 479 17 32 b
604 478 140 36 Maître
769 480 67 35 des
857 481 137 44 figures
994 481 69 44 de
1085 483 164 37 femmes
1275 485 21 35 à
1318 487 195 45 mi-corps.
1538 490 194 44 (travaillait

795 551 77 23 vers
904 541 115 44 1540).
1050 563 42 3 —
1120 544 113 44 Jeune
1255 544 133 36 femme
1409 547 311 36 lisant.,..
1777 552 110 35 XXXI

387 599 92 34 2202
611 600 141 35 Maître
781 600 46 35 de
857 601 194 36 Flémalle.
1082 603 195 45 (travaillait
1304 615 98 25 entre
1435 618 86 33 1420
1548 617 32 25 et
1613 609 112 46 1460).

795 680 41 3 —
861 659 45 34 La
933 660 194 35 Salutation
1155 664 197 46 angélique.
1379 666 118 46 (Ecole
1519 667 200 41 du).
1775 672 113 33 XXIX

385 718 34 33 S.
450 718 51 34 N°
602 720 142 34 Maître
773 720 46 34 de
846 720 38 34 la
912 720 220 37 Madeleine
1174 723 136 36 Mansi.
1351 725 118 46 (Ecole
1497 727 42 34 de
1568 728 159 40 Quentin

794 779 163 46 Metsys).
981 801 42 3 —
1049 781 45 33 La
1116 782 127 46 Vierge
1265 793 32 24 et
1316 784 153 36 l'Enfant
1522 787 103 45 Genre
1649 788 73 44 du).
1777 791 93 33 XXX

384 837 92 36 2018
503 851 21 20 a
600 838 142 36 Maître
771 839 46 34 de
851 840 37 34 la
916 844 104 31 mort
1046 841 47 35 de
1132 842 135 35 Marie,
1299 845 185 44 (première
1522 848 122 33 moitié
1681 849 46 32 du

793 899 49 33 XV
842 899 83 33 lme
952 899 129 45 siècle).
1112 921 40 3 —
1184 902 45 33 Le
1257 903 119 35 Christ
1402 905 177 35 descendu
1613 908 42 33 de
1696 908 28 33 la

790 959 105 34 croix.
926 980 40 3 —
995 959 97 34 Saint
1121 960 163 44 François
1308 963 157 35 d'Assise
1494 976 160 25 recevant
1676 967 48 34 les

789 1019 214 45 stigniates.
1003 1019 54 45 -
1088 1022 43 32 La
1158 1020 559 41 Cène.
1773 1029 111 34 XXXI

382 1078 92 35 2208
502 1087 33 25 et
561 1078 92 35 2209
680 1079 56 33 —
736 1079 169 33 Adam
934 1087 33 25 et
994 1079 71 34 Eve
1093 1081 145 45 (Revers
1265 1083 42 33 de
1334 1084 91 33 deux
1451 1085 112 34 volets
1583 1087 42 33 de
1647 1088 79 44 trip-

790 1137 98 48 tyque)
930 1137 28 48 ,
958 1137 28 48 ,
1253 1137 28 48 ,
1464 1137 28 48 ,
1492 1137 28 48 ,
1520 1137 28 48 ,
1604 1137 28 48 ,
1632 1137 28 48 ,
1776 1148 94 35 XXX

381 1198 34 34 S.
445 1199 51 33 N°
644 1219 45 3 —
743 1198 45 34 La
815 1198 129 46 Vierge
973 1207 32 25 et
1032 1199 155 35 l'Enfant
1214 1202 126 35 adorés
1367 1216 61 33 par
1453 1217 48 21 un
1529 1206 212 35 abbé.
1774 1208 114 34 XXXI

472 1914 89 34 2026
988 1916 149 34 MEMLIG

1325 1923 88 23 22u2
1431 1925 130 21 lIAlTKt
1574 1924 36 21 DE
1625 1924 163 22 fLEMALLfc
1803 1918 118 41 (ËCOLE
1942 1912 56 41 DU)

375 1986 156 35 2024-25
591 1986 196 43 Memling,
817 1985 117 34 Hans.
967 1984 91 46 (vers
1089 1983 226 46 1430-1494).
1341 2004 41 4 —
1405 1984 97 33 Saint
1527 1983 187 45 Jean-Bap-

782 2033 88 33 tiste.
925 2032 119 34 Sainte
1084 2032 333 34 Marie-Madeleine.
1449 2031 117 46 (Deux
1602 2031 111 34 volets

779 2080 83 33 d'un
891 2082 119 32 même
1037 2080 193 45 triptyque)
1760 2079 112 34 XXIX

372 2142 92 35 2026
637 2161 42 3 —
733 2140 46 33 La
806 2140 128 45 Vierge
955 2148 32 25 et
1008 2139 153 34 l'Enfant
1180 2139 101 45 Jésus
1301 2139 124 33 adorés
1446 2150 59 33 par
1524 2138 61 34 des
1605 2138 108 34 dona-

779 2197 105 33 teurs,
913 2188 70 33 dite
1012 2187 52 34 «la
1092 2188 128 44 Vierge
1248 2187 42 33 de
1328 2187 147 44 Jacques
1516 2186 191 34 Floreins».
1762 2186 29 33 V

372 2249 91 35 2027
635 2269 44 3 —
731 2248 163 44 Mariage
894 2248 205 44 mystique
1127 2247 43 33 de
1208 2246 118 34 Sainte
1364 2246 190 33 Catherine
1593 2245 118 33 d'Ale-

778 2295 132 33 xandrie.
910 2295 29 33 ,
1012 2295 29 33 ,
1349 2295 29 33 ,
1378 2295 29 33 ,
1524 2295 29 33 ,
1597 2295 29 33 ,
1760 2292 111 34 XXIX

371 2357 92 34 2027
490 2368 20 21 a
637 2376 37 3 —
731 2356 182 32 Donateur
940 2366 43 22 en
1011 2355 124 44 prière,
1164 2365 82 22 sous
1272 2353 30 33 la
1331 2353 194 45 protection
1547 2352 42 33 de
1619 2352 89 33 saint

779 2402 37 45 J
816 2402 92 45 ean-
908 2402 185 45 Baptiste.
1093 2402 37 45 ,
1389 2402 166 45 O"
1555 2402 149 45 .,
1759 2399 112 33 XXIX

370 2464 92 35 2028
632 2483 45 3 —
728 2462 215 45 Triptyque:
974 2462 154 44 Martyre
1154 2461 43 33 de
1224 2460 97 34 Saint
1347 2459 194 41 Sébastien;
1578 2459 44 32 La
1655 2459 50 32 ré-

775 2510 193 33 surrection
996 2510 46 32 du
1071 2508 130 41 Christ;
1232 2508 208 33 L'Ascension
1758 2505 112 33 XXIX

368 2570 87 35 2028
455 2570 53 35 a
630 2591 45 2 —
727 2569 111 34 Etude
865 2569 43 33 de
935 2570 766 32 tête.
1757 2564 111 34 XXIX

368 2630 91 35 2028
488 2631 17 32 b
630 2650 40 3 —
726 2629 147 33 Portrait
900 2629 43 32 de
970 2627 133 34 femme
1130 2628 96 44 âgée.
1258 2626 118 45 (Volet
1403 2626 90 32 droit
1519 2624 83 33 d'un
1630 2625 73 43 dip-

774 2675 923 46 tyque).
1755 2671 112 33 XXIX

367 2737 86 34 2030
453 2737 52 34 b
583 2737 162 43 Metsys,
799 2735 155 44 Massys
997 2745 46 22 ou
1097 2735 161 43 Matsys,
1300 2733 84 34 Jan.
1435 2741 119 35 11509,
1616 2740 87 35 1510

773 2794 46 22 ou
857 2793 77 34 1511
968 2791 31 24 -
999 2791 112 24 avant
1149 2790 86 35 1575
1274 2791 46 22 ou
1356 2788 104 25 avant
1505 2778 115 43 1580).
1657 2798 44 4 —

774 2830 112 33 David
914 2839 33 24 et
976 2829 174 34 Bethsabée
1749 2825 92 33 XXX

365 2891 36 33 S.
432 2891 51 33 N°
631 2911 39 3 —
724 2889 121 45 Judith
873 2897 120 25 tenant
1015 2888 30 33 la
1065 2889 69 32 tête
1161 2887 267 44 d'Holopherne
1468 2885 200 45 (Attribué).
1697 2884 89 34 Coll.
1810 2881 243 44 Schlichting
