<?xml version="1.0" encoding="UTF8" standalone="no"?>
<alto xmlns="http://bibnum.bnf.fr/ns/alto_prod" xmlns:xlink="http://www.w3.org/TR/xlink" xmlns:xsi="http://www.w3.org/2001/XMLSchema-instance" ID="alto.6477124" xsi:schemaLocation="http://bibnum.bnf.fr/ns/alto_prod http://bibnum.bnf.fr/ns/alto_prod.xsd">
  <Description>
    <MeasurementUnit>pixel</MeasurementUnit>
    <sourceImageInformation>
      <fileName>00000084.tif</fileName>
    </sourceImageInformation>
    <OCRProcessing ID="OCR_1">
      <ocrProcessingStep>
        <processingDateTime>2013-01-22</processingDateTime>
        <processingStepDescription>[001_OCR_BRUT]OCR BRUT 99.960 %</processingStepDescription>
        <processingStepDescription>[002_TOTAL_CHARS]{1551}</processingStepDescription>
        <processingStepDescription>[003_TOTAL_CHARS_USED]{26}</processingStepDescription>
        <processingStepDescription>[004_TOTAL_CHARS_SUSPECTS_USED]{0}</processingStepDescription>
        <processingStepDescription>[005_TOTAL_CHARS_UNUSED]{1525}</processingStepDescription>
        <processingStepDescription>[006_TOTAL_CHARS_SUSPECTS_UNUSED]{2}</processingStepDescription>
        <processingStepDescription>[007_TOTAL_STRINGS]{355}</processingStepDescription>
        <processingStepDescription>[011_CHARS_PUNCTUATION]{179}</processingStepDescription>
        <processingStepDescription>[012_CHARS_DIGITS]{98}</processingStepDescription>
        <processingStepDescription>[013_CHARS_SUSPECT]{2}</processingStepDescription>
        <processingStepDescription>[022_CHARS_UNUSED_BY_BLOCK]{0}</processingStepDescription>
        <processingStepDescription>[111_LIGS_DETECTED_CURV]{0}</processingStepDescription>
        <processingStepSettings>OCR 99.960 %</processingStepSettings>
      </ocrProcessingStep>
    </OCRProcessing>
  </Description>
  <Styles>
    <TextStyle FONTFAMILY="Times" FONTSIZE="12" ID="TXT_1"/>
  </Styles>
  <Layout>
    <Page HEIGHT="3464" ID="PAG_00000084" PHYSICAL_IMG_NR="1" QUALITY="OK" WIDTH="2257">
    <TopMargin HEIGHT="513" HPOS="0" ID="PAG_00000084_TopMargin" VPOS="0" WIDTH="2257">
    <TextBlock HEIGHT="60" HPOS="500" ID="PAG_00000084_TB000001" STYLEREFS="TXT_1" VPOS="380" WIDTH="1252" language="fr">
      <TextLine HEIGHT="60" HPOS="500" ID="PAG_00000084_TL000001" STYLEREFS="TXT_1" VPOS="380" WIDTH="1252">
        <String CONTENT="PARIS," HEIGHT="51" HPOS="500" ID="PAG_00000084_ST000001" STYLEREFS="TXT_1" VPOS="389" WC="1" WIDTH="141"/>
        <SP HPOS="641" ID="PAG_00000084_SP000001" VPOS="388" WIDTH="38"/>
        <String CONTENT="MUSÉE" HEIGHT="41" HPOS="679" ID="PAG_00000084_ST000002" STYLEREFS="TXT_1" VPOS="388" WC="1" WIDTH="157"/>
        <SP HPOS="836" ID="PAG_00000084_SP000002" VPOS="387" WIDTH="32"/>
        <String CONTENT="NATIONAL" HEIGHT="42" HPOS="868" ID="PAG_00000084_ST000003" STYLEREFS="TXT_1" VPOS="387" WC="1" WIDTH="240"/>
        <SP HPOS="1108" ID="PAG_00000084_SP000003" VPOS="398" WIDTH="36"/>
        <String CONTENT="DU" HEIGHT="29" HPOS="1144" ID="PAG_00000084_ST000004" STYLEREFS="TXT_1" VPOS="398" WC="1" WIDTH="57"/>
        <SP HPOS="1201" ID="PAG_00000084_SP000004" VPOS="385" WIDTH="35"/>
        <String CONTENT="LOUVRE" HEIGHT="41" HPOS="1236" ID="PAG_00000084_ST000005" STYLEREFS="TXT_1" VPOS="385" WC="1" WIDTH="182"/>
        <SP HPOS="1418" ID="PAG_00000084_SP000005" VPOS="380" WIDTH="276"/>
        <String CONTENT="03" HEIGHT="44" HPOS="1694" ID="PAG_00000084_ST000006" STYLEREFS="TXT_1" TYPE="illegible" VPOS="380" WC="0.30" WIDTH="58"/>
      </TextLine>
    </TextBlock>
    </TopMargin>
    <PrintSpace HEIGHT="2432" HPOS="124" ID="PAG_00000084_PrintSpace" VPOS="513" WIDTH="1698">
    <TextBlock HEIGHT="50" HPOS="124" ID="PAG_00000084_TB000002" STYLEREFS="TXT_1" TYPE="table" VPOS="513" WIDTH="1328" language="fr">
      <TextLine HEIGHT="50" HPOS="124" ID="PAG_00000084_TL000002" STYLEREFS="TXT_1" VPOS="513" WIDTH="1328">
        <String CONTENT="*" HEIGHT="16" HPOS="124" ID="PAG_00000084_ST000007" STYLEREFS="TXT_1" VPOS="520" WC="0.97" WIDTH="15"/>
        <SP HPOS="139" ID="PAG_00000084_SP000006" VPOS="519" WIDTH="203"/>
        <String CONTENT="Pujol," HEIGHT="44" HPOS="342" ID="PAG_00000084_ST000008" STYLEREFS="TXT_1" VPOS="519" WC="1" WIDTH="120"/>
        <SP HPOS="462" ID="PAG_00000084_SP000007" VPOS="517" WIDTH="41"/>
        <String CONTENT="Abel-Alexandre-Denis" HEIGHT="37" HPOS="503" ID="PAG_00000084_ST000009" STYLEREFS="TXT_1" VPOS="517" WC="1" WIDTH="473"/>
        <SP HPOS="976" ID="PAG_00000084_SP000008" VPOS="516" WIDTH="42"/>
        <String CONTENT="de." HEIGHT="34" HPOS="1018" ID="PAG_00000084_ST000010" STYLEREFS="TXT_1" VPOS="516" WC="1" WIDTH="58"/>
        <SP HPOS="1076" ID="PAG_00000084_SP000009" VPOS="513" WIDTH="38"/>
        <String CONTENT="(" HEIGHT="47" HPOS="1114" ID="PAG_00000084_ST000011" STYLEREFS="TXT_1" VPOS="513" WC="0.81" WIDTH="28"/>
        <SP HPOS="1142" ID="PAG_00000084_SP000010" VPOS="513" WIDTH="1"/>
        <String CONTENT="178s-18e»" HEIGHT="47" HPOS="1142" ID="PAG_00000084_ST000012" STYLEREFS="TXT_1" VPOS="513" WC="0.81" WIDTH="140"/>
        <SP HPOS="1282" ID="PAG_00000084_SP000011" VPOS="513" WIDTH="1"/>
        <String CONTENT="1" HEIGHT="47" HPOS="1282" ID="PAG_00000084_ST000013" STYLEREFS="TXT_1" VPOS="513" WC="0.81" WIDTH="28"/>
        <SP HPOS="1310" ID="PAG_00000084_SP000012" VPOS="513" WIDTH="1"/>
        <String CONTENT=")." HEIGHT="47" HPOS="1310" ID="PAG_00000084_ST000014" STYLEREFS="TXT_1" VPOS="513" WC="0.81" WIDTH="57"/>
        <SP HPOS="1367" ID="PAG_00000084_SP000013" VPOS="534" WIDTH="44"/>
        <String CONTENT="&#8212;" HEIGHT="3" HPOS="1411" ID="PAG_00000084_ST000015" STYLEREFS="TXT_1" VPOS="534" WC="0.32" WIDTH="41"/>
      </TextLine>
    </TextBlock>
    <TextBlock HEIGHT="1444" HPOS="124" ID="PAG_00000084_TB000003" STYLEREFS="TXT_1" TYPE="table" VPOS="575" WIDTH="1693" language="fr">
      <TextLine HEIGHT="35" HPOS="528" ID="PAG_00000084_TL000003" STYLEREFS="TXT_1" VPOS="575" WIDTH="927">
        <String CONTENT="Médaillons:" HEIGHT="32" HPOS="528" ID="PAG_00000084_ST000016" STYLEREFS="TXT_1" VPOS="578" WC="1" WIDTH="228"/>
        <SP HPOS="756" ID="PAG_00000084_SP000014" VPOS="578" WIDTH="74"/>
        <String CONTENT="hommes" HEIGHT="31" HPOS="830" ID="PAG_00000084_ST000017" STYLEREFS="TXT_1" VPOS="578" WC="1" WIDTH="160"/>
        <SP HPOS="990" ID="PAG_00000084_SP000015" VPOS="576" WIDTH="53"/>
        <String CONTENT="célèbres" HEIGHT="32" HPOS="1043" ID="PAG_00000084_ST000018" STYLEREFS="TXT_1" VPOS="576" WC="1" WIDTH="151"/>
        <SP HPOS="1194" ID="PAG_00000084_SP000016" VPOS="576" WIDTH="50"/>
        <String CONTENT="du" HEIGHT="31" HPOS="1244" ID="PAG_00000084_ST000019" STYLEREFS="TXT_1" VPOS="576" WC="1" WIDTH="45"/>
        <SP HPOS="1289" ID="PAG_00000084_SP000017" VPOS="575" WIDTH="47"/>
        <String CONTENT="XVlme" HEIGHT="31" HPOS="1336" ID="PAG_00000084_ST000020" STYLEREFS="TXT_1" VPOS="575" WC="0.97" WIDTH="119"/>
      </TextLine>
      <TextLine HEIGHT="42" HPOS="528" ID="PAG_00000084_TL000004" STYLEREFS="TXT_1" VPOS="631" WIDTH="1284">
        <String CONTENT="siècle." HEIGHT="33" HPOS="528" ID="PAG_00000084_ST000021" STYLEREFS="TXT_1" VPOS="637" WC="1" WIDTH="112"/>
        <SP HPOS="640" ID="PAG_00000084_SP000018" VPOS="638" WIDTH="56"/>
        <String CONTENT="Dessous" HEIGHT="31" HPOS="696" ID="PAG_00000084_ST000022" STYLEREFS="TXT_1" VPOS="638" WC="1" WIDTH="150"/>
        <SP HPOS="846" ID="PAG_00000084_SP000019" VPOS="636" WIDTH="27"/>
        <String CONTENT="de" HEIGHT="32" HPOS="873" ID="PAG_00000084_ST000023" STYLEREFS="TXT_1" VPOS="636" WC="1" WIDTH="41"/>
        <SP HPOS="914" ID="PAG_00000084_SP000020" VPOS="635" WIDTH="28"/>
        <String CONTENT="corniche." HEIGHT="34" HPOS="942" ID="PAG_00000084_ST000024" STYLEREFS="TXT_1" VPOS="635" WC="1" WIDTH="293"/>
        <SP HPOS="1235" ID="PAG_00000084_SP000021" VPOS="632" WIDTH="60"/>
        <String CONTENT="Musée" HEIGHT="36" HPOS="1295" ID="PAG_00000084_ST000025" STYLEREFS="TXT_1" VPOS="632" WC="1" WIDTH="134"/>
        <SP HPOS="1429" ID="PAG_00000084_SP000022" VPOS="633" WIDTH="30"/>
        <String CONTENT="Charles" HEIGHT="34" HPOS="1459" ID="PAG_00000084_ST000026" STYLEREFS="TXT_1" VPOS="633" WC="1" WIDTH="161"/>
        <SP HPOS="1620" ID="PAG_00000084_SP000023" VPOS="632" WIDTH="27"/>
        <String CONTENT="X," HEIGHT="41" HPOS="1647" ID="PAG_00000084_ST000027" STYLEREFS="TXT_1" VPOS="632" WC="1" WIDTH="40"/>
        <SP HPOS="1687" ID="PAG_00000084_SP000024" VPOS="631" WIDTH="29"/>
        <String CONTENT="S." HEIGHT="34" HPOS="1716" ID="PAG_00000084_ST000028" STYLEREFS="TXT_1" VPOS="631" WC="1" WIDTH="32"/>
        <SP HPOS="1748" ID="PAG_00000084_SP000025" VPOS="631" WIDTH="30"/>
        <String CONTENT="II" HEIGHT="34" HPOS="1778" ID="PAG_00000084_ST000029" STYLEREFS="TXT_1" VPOS="631" WC="1" WIDTH="34"/>
      </TextLine>
      <TextLine HEIGHT="46" HPOS="124" ID="PAG_00000084_TL000005" STYLEREFS="TXT_1" VPOS="694" WIDTH="1331">
        <String CONTENT="*" HEIGHT="16" HPOS="124" ID="PAG_00000084_ST000030" STYLEREFS="TXT_1" VPOS="699" WC="0.97" WIDTH="14"/>
        <SP HPOS="138" ID="PAG_00000084_SP000026" VPOS="718" WIDTH="249"/>
        <String CONTENT="&#8212;" HEIGHT="3" HPOS="387" ID="PAG_00000084_ST000031" STYLEREFS="TXT_1" VPOS="718" WC="0.66" WIDTH="42"/>
        <SP HPOS="429" ID="PAG_00000084_SP000027" VPOS="697" WIDTH="53"/>
        <String CONTENT="Plafond:" HEIGHT="33" HPOS="482" ID="PAG_00000084_ST000032" STYLEREFS="TXT_1" VPOS="697" WC="1" WIDTH="164"/>
        <SP HPOS="646" ID="PAG_00000084_SP000028" VPOS="696" WIDTH="29"/>
        <String CONTENT="l'Egypte" HEIGHT="44" HPOS="675" ID="PAG_00000084_ST000033" STYLEREFS="TXT_1" VPOS="696" WC="1" WIDTH="159"/>
        <SP HPOS="834" ID="PAG_00000084_SP000029" VPOS="695" WIDTH="28"/>
        <String CONTENT="sauvée" HEIGHT="33" HPOS="862" ID="PAG_00000084_ST000034" STYLEREFS="TXT_1" VPOS="695" WC="1" WIDTH="125"/>
        <SP HPOS="987" ID="PAG_00000084_SP000030" VPOS="706" WIDTH="27"/>
        <String CONTENT="par" HEIGHT="31" HPOS="1014" ID="PAG_00000084_ST000035" STYLEREFS="TXT_1" VPOS="706" WC="1" WIDTH="58"/>
        <SP HPOS="1072" ID="PAG_00000084_SP000031" VPOS="695" WIDTH="22"/>
        <String CONTENT="Joseph." HEIGHT="42" HPOS="1094" ID="PAG_00000084_ST000036" STYLEREFS="TXT_1" VPOS="695" WC="1" WIDTH="140"/>
        <SP HPOS="1234" ID="PAG_00000084_SP000032" VPOS="714" WIDTH="31"/>
        <String CONTENT="&#8212;" HEIGHT="3" HPOS="1265" ID="PAG_00000084_ST000037" STYLEREFS="TXT_1" VPOS="714" WC="0.66" WIDTH="42"/>
        <SP HPOS="1307" ID="PAG_00000084_SP000033" VPOS="694" WIDTH="35"/>
        <String CONTENT="Vous-" HEIGHT="32" HPOS="1342" ID="PAG_00000084_ST000038" STYLEREFS="TXT_1" SUBS_CONTENT="Voussures:" SUBS_TYPE="HypPart1" VPOS="694" WC="1" WIDTH="113"/>
        <HYP CONTENT="-" HPOS="1455" VPOS="726" WIDTH="30"/>
      </TextLine>
      <TextLine HEIGHT="46" HPOS="528" ID="PAG_00000084_TL000006" STYLEREFS="TXT_1" VPOS="753" WIDTH="926">
        <String CONTENT="sures:" HEIGHT="23" HPOS="528" ID="PAG_00000084_ST000039" STYLEREFS="TXT_1" SUBS_CONTENT="Voussures:" SUBS_TYPE="HypPart2" VPOS="766" WC="1" WIDTH="115"/>
        <SP HPOS="643" ID="PAG_00000084_SP000034" VPOS="756" WIDTH="26"/>
        <String CONTENT="Joseph" HEIGHT="42" HPOS="669" ID="PAG_00000084_ST000040" STYLEREFS="TXT_1" VPOS="756" WC="1" WIDTH="125"/>
        <SP HPOS="794" ID="PAG_00000084_SP000035" VPOS="755" WIDTH="30"/>
        <String CONTENT="gardant" HEIGHT="44" HPOS="824" ID="PAG_00000084_ST000041" STYLEREFS="TXT_1" VPOS="755" WC="1" WIDTH="145"/>
        <SP HPOS="969" ID="PAG_00000084_SP000036" VPOS="755" WIDTH="28"/>
        <String CONTENT="les" HEIGHT="31" HPOS="997" ID="PAG_00000084_ST000042" STYLEREFS="TXT_1" VPOS="755" WC="1" WIDTH="49"/>
        <SP HPOS="1046" ID="PAG_00000084_SP000037" VPOS="759" WIDTH="26"/>
        <String CONTENT="troupeaux;" HEIGHT="38" HPOS="1072" ID="PAG_00000084_ST000043" STYLEREFS="TXT_1" VPOS="759" WC="1" WIDTH="209"/>
        <SP HPOS="1281" ID="PAG_00000084_SP000038" VPOS="753" WIDTH="57"/>
        <String CONTENT="vendu" HEIGHT="33" HPOS="1338" ID="PAG_00000084_ST000044" STYLEREFS="TXT_1" VPOS="753" WC="1" WIDTH="116"/>
      </TextLine>
      <TextLine HEIGHT="45" HPOS="528" ID="PAG_00000084_TL000007" STYLEREFS="TXT_1" VPOS="814" WIDTH="928">
        <String CONTENT="par" HEIGHT="32" HPOS="528" ID="PAG_00000084_ST000045" STYLEREFS="TXT_1" VPOS="827" WC="1" WIDTH="57"/>
        <SP HPOS="585" ID="PAG_00000084_SP000039" VPOS="827" WIDTH="27"/>
        <String CONTENT="ses" HEIGHT="21" HPOS="612" ID="PAG_00000084_ST000046" STYLEREFS="TXT_1" VPOS="827" WC="1" WIDTH="53"/>
        <SP HPOS="665" ID="PAG_00000084_SP000040" VPOS="815" WIDTH="27"/>
        <String CONTENT="frères" HEIGHT="41" HPOS="692" ID="PAG_00000084_ST000047" STYLEREFS="TXT_1" VPOS="815" WC="0.99" WIDTH="84"/>
        <SP HPOS="776" ID="PAG_00000084_SP000041" VPOS="815" WIDTH="1"/>
        <String CONTENT=";" HEIGHT="41" HPOS="776" ID="PAG_00000084_ST000048" STYLEREFS="TXT_1" VPOS="815" WC="0.99" WIDTH="37"/>
        <SP HPOS="813" ID="PAG_00000084_SP000042" VPOS="814" WIDTH="29"/>
        <String CONTENT="expliquant" HEIGHT="43" HPOS="842" ID="PAG_00000084_ST000049" STYLEREFS="TXT_1" VPOS="814" WC="1" WIDTH="203"/>
        <SP HPOS="1045" ID="PAG_00000084_SP000043" VPOS="815" WIDTH="27"/>
        <String CONTENT="les" HEIGHT="31" HPOS="1072" ID="PAG_00000084_ST000050" STYLEREFS="TXT_1" VPOS="815" WC="1" WIDTH="49"/>
        <SP HPOS="1121" ID="PAG_00000084_SP000044" VPOS="825" WIDTH="28"/>
        <String CONTENT="songes" HEIGHT="33" HPOS="1149" ID="PAG_00000084_ST000051" STYLEREFS="TXT_1" VPOS="825" WC="1" WIDTH="127"/>
        <SP HPOS="1276" ID="PAG_00000084_SP000045" VPOS="814" WIDTH="26"/>
        <String CONTENT="de" HEIGHT="32" HPOS="1302" ID="PAG_00000084_ST000052" STYLEREFS="TXT_1" VPOS="814" WC="1" WIDTH="41"/>
        <SP HPOS="1343" ID="PAG_00000084_SP000046" VPOS="814" WIDTH="29"/>
        <String CONTENT="Pha-" HEIGHT="31" HPOS="1372" ID="PAG_00000084_ST000053" STYLEREFS="TXT_1" SUBS_CONTENT="Pharaon" SUBS_TYPE="HypPart1" VPOS="814" WC="1" WIDTH="84"/>
        <HYP CONTENT="-" HPOS="1456" VPOS="845" WIDTH="30"/>
      </TextLine>
      <TextLine HEIGHT="45" HPOS="528" ID="PAG_00000084_TL000008" STYLEREFS="TXT_1" VPOS="873" WIDTH="926">
        <String CONTENT="raon" HEIGHT="31" HPOS="528" ID="PAG_00000084_ST000054" STYLEREFS="TXT_1" SUBS_CONTENT="Pharaon" SUBS_TYPE="HypPart2" VPOS="885" WC="1" WIDTH="63"/>
        <SP HPOS="591" ID="PAG_00000084_SP000047" VPOS="885" WIDTH="1"/>
        <String CONTENT=";" HEIGHT="31" HPOS="591" ID="PAG_00000084_ST000055" STYLEREFS="TXT_1" VPOS="885" WC="1" WIDTH="39"/>
        <SP HPOS="630" ID="PAG_00000084_SP000048" VPOS="875" WIDTH="30"/>
        <String CONTENT="élevé" HEIGHT="32" HPOS="660" ID="PAG_00000084_ST000056" STYLEREFS="TXT_1" VPOS="875" WC="1" WIDTH="93"/>
        <SP HPOS="753" ID="PAG_00000084_SP000049" VPOS="885" WIDTH="27"/>
        <String CONTENT="au" HEIGHT="21" HPOS="780" ID="PAG_00000084_ST000057" STYLEREFS="TXT_1" VPOS="885" WC="1" WIDTH="42"/>
        <SP HPOS="822" ID="PAG_00000084_SP000050" VPOS="878" WIDTH="29"/>
        <String CONTENT="gouvernement" HEIGHT="40" HPOS="851" ID="PAG_00000084_ST000058" STYLEREFS="TXT_1" VPOS="878" WC="1" WIDTH="275"/>
        <SP HPOS="1126" ID="PAG_00000084_SP000051" VPOS="874" WIDTH="27"/>
        <String CONTENT="de" HEIGHT="32" HPOS="1153" ID="PAG_00000084_ST000059" STYLEREFS="TXT_1" VPOS="874" WC="1" WIDTH="41"/>
        <SP HPOS="1194" ID="PAG_00000084_SP000052" VPOS="873" WIDTH="22"/>
        <String CONTENT="l'Egypte." HEIGHT="44" HPOS="1216" ID="PAG_00000084_ST000060" STYLEREFS="TXT_1" VPOS="873" WC="1" WIDTH="171"/>
        <SP HPOS="1387" ID="PAG_00000084_SP000053" VPOS="893" WIDTH="26"/>
        <String CONTENT="-" HEIGHT="2" HPOS="1413" ID="PAG_00000084_ST000061" STYLEREFS="TXT_1" SUBS_CONTENT="Grisailles" SUBS_TYPE="HypPart1" VPOS="893" WC="0.32" WIDTH="41"/>
        <HYP CONTENT="-" HPOS="1454" VPOS="895" WIDTH="30"/>
      </TextLine>
      <TextLine HEIGHT="34" HPOS="526" ID="PAG_00000084_TL000009" STYLEREFS="TXT_1" VPOS="933" WIDTH="930">
        <String CONTENT="Grisailles" HEIGHT="33" HPOS="526" ID="PAG_00000084_ST000062" STYLEREFS="TXT_1" SUBS_CONTENT="Grisailles" SUBS_TYPE="HypPart2" VPOS="934" WC="1" WIDTH="174"/>
        <SP HPOS="700" ID="PAG_00000084_SP000054" VPOS="935" WIDTH="26"/>
        <String CONTENT="au-dessous" HEIGHT="32" HPOS="726" ID="PAG_00000084_ST000063" STYLEREFS="TXT_1" VPOS="935" WC="1" WIDTH="213"/>
        <SP HPOS="939" ID="PAG_00000084_SP000055" VPOS="934" WIDTH="26"/>
        <String CONTENT="de" HEIGHT="32" HPOS="965" ID="PAG_00000084_ST000064" STYLEREFS="TXT_1" VPOS="934" WC="1" WIDTH="42"/>
        <SP HPOS="1007" ID="PAG_00000084_SP000056" VPOS="934" WIDTH="28"/>
        <String CONTENT="la" HEIGHT="31" HPOS="1035" ID="PAG_00000084_ST000065" STYLEREFS="TXT_1" VPOS="934" WC="1" WIDTH="30"/>
        <SP HPOS="1065" ID="PAG_00000084_SP000057" VPOS="933" WIDTH="34"/>
        <String CONTENT="corniche" HEIGHT="33" HPOS="1099" ID="PAG_00000084_ST000066" STYLEREFS="TXT_1" VPOS="933" WC="0.99" WIDTH="137"/>
        <SP HPOS="1236" ID="PAG_00000084_SP000058" VPOS="933" WIDTH="1"/>
        <String CONTENT=":" HEIGHT="33" HPOS="1236" ID="PAG_00000084_ST000067" STYLEREFS="TXT_1" VPOS="933" WC="0.99" WIDTH="46"/>
        <SP HPOS="1282" ID="PAG_00000084_SP000059" VPOS="933" WIDTH="48"/>
        <String CONTENT="Scènes" HEIGHT="32" HPOS="1330" ID="PAG_00000084_ST000068" STYLEREFS="TXT_1" VPOS="933" WC="1" WIDTH="126"/>
      </TextLine>
      <TextLine HEIGHT="48" HPOS="528" ID="PAG_00000084_TL000010" STYLEREFS="TXT_1" VPOS="990" WIDTH="1285">
        <String CONTENT="de" HEIGHT="32" HPOS="528" ID="PAG_00000084_ST000069" STYLEREFS="TXT_1" VPOS="995" WC="1" WIDTH="41"/>
        <SP HPOS="569" ID="PAG_00000084_SP000060" VPOS="995" WIDTH="27"/>
        <String CONTENT="la" HEIGHT="32" HPOS="596" ID="PAG_00000084_ST000070" STYLEREFS="TXT_1" VPOS="995" WC="1" WIDTH="30"/>
        <SP HPOS="626" ID="PAG_00000084_SP000061" VPOS="994" WIDTH="27"/>
        <String CONTENT="vie" HEIGHT="33" HPOS="653" ID="PAG_00000084_ST000071" STYLEREFS="TXT_1" VPOS="994" WC="1" WIDTH="53"/>
        <SP HPOS="706" ID="PAG_00000084_SP000062" VPOS="994" WIDTH="27"/>
        <String CONTENT="civile" HEIGHT="33" HPOS="733" ID="PAG_00000084_ST000072" STYLEREFS="TXT_1" VPOS="994" WC="1" WIDTH="99"/>
        <SP HPOS="832" ID="PAG_00000084_SP000063" VPOS="994" WIDTH="28"/>
        <String CONTENT="des" HEIGHT="32" HPOS="860" ID="PAG_00000084_ST000073" STYLEREFS="TXT_1" VPOS="994" WC="1" WIDTH="60"/>
        <SP HPOS="920" ID="PAG_00000084_SP000064" VPOS="993" WIDTH="27"/>
        <String CONTENT="Egyptiens." HEIGHT="45" HPOS="947" ID="PAG_00000084_ST000074" STYLEREFS="TXT_1" VPOS="993" WC="1" WIDTH="492"/>
        <SP HPOS="1439" ID="PAG_00000084_SP000065" VPOS="1012" WIDTH="171"/>
        <String CONTENT="&#8212;" HEIGHT="2" HPOS="1610" ID="PAG_00000084_ST000075" STYLEREFS="TXT_1" VPOS="1012" WC="0.66" WIDTH="41"/>
        <SP HPOS="1651" ID="PAG_00000084_SP000066" VPOS="990" WIDTH="53"/>
        <String CONTENT="S." HEIGHT="35" HPOS="1704" ID="PAG_00000084_ST000076" STYLEREFS="TXT_1" VPOS="990" WC="1" WIDTH="33"/>
        <SP HPOS="1737" ID="PAG_00000084_SP000067" VPOS="990" WIDTH="23"/>
        <String CONTENT="III" HEIGHT="34" HPOS="1760" ID="PAG_00000084_ST000077" STYLEREFS="TXT_1" VPOS="990" WC="1" WIDTH="53"/>
      </TextLine>
      <TextLine HEIGHT="50" HPOS="126" ID="PAG_00000084_TL000011" STYLEREFS="TXT_1" VPOS="1051" WIDTH="1330">
        <String CONTENT="(195)" HEIGHT="45" HPOS="126" ID="PAG_00000084_ST000078" STYLEREFS="TXT_1" VPOS="1056" WC="1" WIDTH="99"/>
        <SP HPOS="225" ID="PAG_00000084_SP000068" VPOS="1055" WIDTH="116"/>
        <String CONTENT="Puvis" HEIGHT="34" HPOS="341" ID="PAG_00000084_ST000079" STYLEREFS="TXT_1" VPOS="1055" WC="1" WIDTH="115"/>
        <SP HPOS="456" ID="PAG_00000084_SP000069" VPOS="1055" WIDTH="23"/>
        <String CONTENT="de" HEIGHT="34" HPOS="479" ID="PAG_00000084_ST000080" STYLEREFS="TXT_1" VPOS="1055" WC="1" WIDTH="45"/>
        <SP HPOS="524" ID="PAG_00000084_SP000070" VPOS="1054" WIDTH="24"/>
        <String CONTENT="Chavannes," HEIGHT="42" HPOS="548" ID="PAG_00000084_ST000081" STYLEREFS="TXT_1" VPOS="1054" WC="1" WIDTH="240"/>
        <SP HPOS="788" ID="PAG_00000084_SP000071" VPOS="1053" WIDTH="24"/>
        <String CONTENT="Pierre." HEIGHT="35" HPOS="812" ID="PAG_00000084_ST000082" STYLEREFS="TXT_1" VPOS="1053" WC="1" WIDTH="144"/>
        <SP HPOS="956" ID="PAG_00000084_SP000072" VPOS="1051" WIDTH="32"/>
        <String CONTENT="(1824-1" HEIGHT="47" HPOS="988" ID="PAG_00000084_ST000083" STYLEREFS="TXT_1" VPOS="1051" WC="0.86" WIDTH="132"/>
        <SP HPOS="1120" ID="PAG_00000084_SP000073" VPOS="1051" WIDTH="1"/>
        <String CONTENT="SQ8)." HEIGHT="47" HPOS="1120" ID="PAG_00000084_ST000084" STYLEREFS="TXT_1" VPOS="1051" WC="0.86" WIDTH="117"/>
        <SP HPOS="1237" ID="PAG_00000084_SP000074" VPOS="1072" WIDTH="31"/>
        <String CONTENT="&#8212;" HEIGHT="3" HPOS="1268" ID="PAG_00000084_ST000085" STYLEREFS="TXT_1" VPOS="1072" WC="0.66" WIDTH="43"/>
        <SP HPOS="1311" ID="PAG_00000084_SP000075" VPOS="1053" WIDTH="17"/>
        <String CONTENT="Jeunes" HEIGHT="40" HPOS="1328" ID="PAG_00000084_ST000086" STYLEREFS="TXT_1" VPOS="1053" WC="1" WIDTH="128"/>
      </TextLine>
      <TextLine HEIGHT="36" HPOS="527" ID="PAG_00000084_TL000012" STYLEREFS="TXT_1" VPOS="1110" WIDTH="1286">
        <String CONTENT="filles" HEIGHT="32" HPOS="527" ID="PAG_00000084_ST000087" STYLEREFS="TXT_1" VPOS="1114" WC="1" WIDTH="87"/>
        <SP HPOS="614" ID="PAG_00000084_SP000076" VPOS="1125" WIDTH="26"/>
        <String CONTENT="au" HEIGHT="21" HPOS="640" ID="PAG_00000084_ST000088" STYLEREFS="TXT_1" VPOS="1125" WC="1" WIDTH="43"/>
        <SP HPOS="683" ID="PAG_00000084_SP000077" VPOS="1114" WIDTH="30"/>
        <String CONTENT="bord" HEIGHT="32" HPOS="713" ID="PAG_00000084_ST000089" STYLEREFS="TXT_1" VPOS="1114" WC="1" WIDTH="82"/>
        <SP HPOS="795" ID="PAG_00000084_SP000078" VPOS="1114" WIDTH="28"/>
        <String CONTENT="de" HEIGHT="31" HPOS="823" ID="PAG_00000084_ST000090" STYLEREFS="TXT_1" VPOS="1114" WC="1" WIDTH="41"/>
        <SP HPOS="864" ID="PAG_00000084_SP000079" VPOS="1113" WIDTH="28"/>
        <String CONTENT="la" HEIGHT="32" HPOS="892" ID="PAG_00000084_ST000091" STYLEREFS="TXT_1" VPOS="1113" WC="1" WIDTH="30"/>
        <SP HPOS="922" ID="PAG_00000084_SP000080" VPOS="1124" WIDTH="29"/>
        <String CONTENT="mer.,." HEIGHT="22" HPOS="951" ID="PAG_00000084_ST000092" STYLEREFS="TXT_1" VPOS="1124" WC="0.95" WIDTH="498"/>
        <SP HPOS="1449" ID="PAG_00000084_SP000081" VPOS="1111" WIDTH="62"/>
        <String CONTENT="Coll." HEIGHT="34" HPOS="1511" ID="PAG_00000084_ST000093" STYLEREFS="TXT_1" VPOS="1111" WC="1" WIDTH="91"/>
        <SP HPOS="1602" ID="PAG_00000084_SP000082" VPOS="1110" WIDTH="18"/>
        <String CONTENT="Camondo" HEIGHT="35" HPOS="1620" ID="PAG_00000084_ST000094" STYLEREFS="TXT_1" VPOS="1110" WC="1" WIDTH="193"/>
      </TextLine>
      <TextLine HEIGHT="47" HPOS="150" ID="PAG_00000084_TL000013" STYLEREFS="TXT_1" VPOS="1183" WIDTH="1307">
        <String CONTENT="761" HEIGHT="35" HPOS="150" ID="PAG_00000084_ST000095" STYLEREFS="TXT_1" VPOS="1186" WC="1" WIDTH="64"/>
        <SP HPOS="214" ID="PAG_00000084_SP000083" VPOS="1198" WIDTH="28"/>
        <String CONTENT="a" HEIGHT="22" HPOS="242" ID="PAG_00000084_ST000096" STYLEREFS="TXT_1" VPOS="1198" WC="1" WIDTH="21"/>
        <SP HPOS="263" ID="PAG_00000084_SP000084" VPOS="1186" WIDTH="75"/>
        <String CONTENT="Raffet," HEIGHT="42" HPOS="338" ID="PAG_00000084_ST000097" STYLEREFS="TXT_1" VPOS="1186" WC="1" WIDTH="139"/>
        <SP HPOS="477" ID="PAG_00000084_SP000085" VPOS="1184" WIDTH="29"/>
        <String CONTENT="Denis-Auguste-Marie." HEIGHT="45" HPOS="506" ID="PAG_00000084_ST000098" STYLEREFS="TXT_1" VPOS="1184" WC="1" WIDTH="467"/>
        <SP HPOS="973" ID="PAG_00000084_SP000086" VPOS="1183" WIDTH="31"/>
        <String CONTENT="(1804-1800)." HEIGHT="47" HPOS="1004" ID="PAG_00000084_ST000099" STYLEREFS="TXT_1" VPOS="1183" WC="0.92" WIDTH="244"/>
        <SP HPOS="1248" ID="PAG_00000084_SP000087" VPOS="1204" WIDTH="26"/>
        <String CONTENT="-" HEIGHT="3" HPOS="1274" ID="PAG_00000084_ST000100" STYLEREFS="TXT_1" VPOS="1204" WC="0.66" WIDTH="42"/>
        <SP HPOS="1316" ID="PAG_00000084_SP000088" VPOS="1184" WIDTH="22"/>
        <String CONTENT="Soldat" HEIGHT="32" HPOS="1338" ID="PAG_00000084_ST000101" STYLEREFS="TXT_1" VPOS="1184" WC="1" WIDTH="119"/>
      </TextLine>
      <TextLine HEIGHT="45" HPOS="526" ID="PAG_00000084_TL000014" STYLEREFS="TXT_1" VPOS="1242" WIDTH="1288">
        <String CONTENT="d'infanterie" HEIGHT="43" HPOS="526" ID="PAG_00000084_ST000102" STYLEREFS="TXT_1" VPOS="1244" WC="1" WIDTH="232"/>
        <SP HPOS="758" ID="PAG_00000084_SP000089" VPOS="1244" WIDTH="1"/>
        <String CONTENT="de" HEIGHT="43" HPOS="758" ID="PAG_00000084_ST000103" STYLEREFS="TXT_1" VPOS="1244" WC="1" WIDTH="53"/>
        <SP HPOS="811" ID="PAG_00000084_SP000090" VPOS="1244" WIDTH="1"/>
        <String CONTENT="la" HEIGHT="43" HPOS="811" ID="PAG_00000084_ST000104" STYLEREFS="TXT_1" VPOS="1244" WC="1" WIDTH="53"/>
        <SP HPOS="864" ID="PAG_00000084_SP000091" VPOS="1244" WIDTH="1"/>
        <String CONTENT="première" HEIGHT="43" HPOS="864" ID="PAG_00000084_ST000105" STYLEREFS="TXT_1" VPOS="1244" WC="1" WIDTH="161"/>
        <SP HPOS="1025" ID="PAG_00000084_SP000092" VPOS="1244" WIDTH="1"/>
        <String CONTENT="République;" HEIGHT="43" HPOS="1025" ID="PAG_00000084_ST000106" STYLEREFS="TXT_1" VPOS="1244" WC="1" WIDTH="236"/>
        <SP HPOS="1261" ID="PAG_00000084_SP000093" VPOS="1244" WIDTH="16"/>
        <String CONTENT="étude." HEIGHT="34" HPOS="1277" ID="PAG_00000084_ST000107" STYLEREFS="TXT_1" VPOS="1244" WC="1" WIDTH="114"/>
        <SP HPOS="1391" ID="PAG_00000084_SP000094" VPOS="1242" WIDTH="12"/>
        <String CONTENT="E." HEIGHT="36" HPOS="1403" ID="PAG_00000084_ST000108" STYLEREFS="TXT_1" VPOS="1242" WC="0.99" WIDTH="49"/>
        <SP HPOS="1452" ID="PAG_00000084_SP000095" VPOS="1242" WIDTH="1"/>
        <String CONTENT="F." HEIGHT="36" HPOS="1452" ID="PAG_00000084_ST000109" STYLEREFS="TXT_1" VPOS="1242" WC="0.99" WIDTH="49"/>
        <SP HPOS="1501" ID="PAG_00000084_SP000096" VPOS="1242" WIDTH="1"/>
        <String CONTENT="XIXe" HEIGHT="36" HPOS="1501" ID="PAG_00000084_ST000110" STYLEREFS="TXT_1" VPOS="1242" WC="0.99" WIDTH="82"/>
        <SP HPOS="1583" ID="PAG_00000084_SP000097" VPOS="1242" WIDTH="1"/>
        <String CONTENT="S." HEIGHT="36" HPOS="1583" ID="PAG_00000084_ST000111" STYLEREFS="TXT_1" VPOS="1242" WC="0.99" WIDTH="67"/>
        <SP HPOS="1650" ID="PAG_00000084_SP000098" VPOS="1243" WIDTH="16"/>
        <String CONTENT="2e" HEIGHT="34" HPOS="1666" ID="PAG_00000084_ST000112" STYLEREFS="TXT_1" VPOS="1243" WC="0.97" WIDTH="36"/>
        <SP HPOS="1702" ID="PAG_00000084_SP000099" VPOS="1243" WIDTH="1"/>
        <String CONTENT="ét." HEIGHT="34" HPOS="1702" ID="PAG_00000084_ST000113" STYLEREFS="TXT_1" VPOS="1243" WC="0.97" WIDTH="62"/>
        <SP HPOS="1764" ID="PAG_00000084_SP000100" VPOS="1243" WIDTH="16"/>
        <String CONTENT="II" HEIGHT="33" HPOS="1780" ID="PAG_00000084_ST000114" STYLEREFS="TXT_1" VPOS="1243" WC="1" WIDTH="34"/>
      </TextLine>
      <TextLine HEIGHT="35" HPOS="125" ID="PAG_00000084_TL000015" STYLEREFS="TXT_1" VPOS="1304" WIDTH="1522">
        <String CONTENT="S." HEIGHT="34" HPOS="125" ID="PAG_00000084_ST000115" STYLEREFS="TXT_1" VPOS="1305" WC="1" WIDTH="34"/>
        <SP HPOS="159" ID="PAG_00000084_SP000101" VPOS="1305" WIDTH="29"/>
        <String CONTENT="N°" HEIGHT="34" HPOS="188" ID="PAG_00000084_ST000116" STYLEREFS="TXT_1" VPOS="1305" WC="0.99" WIDTH="51"/>
        <SP HPOS="239" ID="PAG_00000084_SP000102" VPOS="1325" WIDTH="146"/>
        <String CONTENT="&#8212;" HEIGHT="4" HPOS="385" ID="PAG_00000084_ST000117" STYLEREFS="TXT_1" VPOS="1325" WC="0.66" WIDTH="40"/>
        <SP HPOS="425" ID="PAG_00000084_SP000103" VPOS="1306" WIDTH="56"/>
        <String CONTENT="La" HEIGHT="31" HPOS="481" ID="PAG_00000084_ST000118" STYLEREFS="TXT_1" VPOS="1306" WC="1" WIDTH="41"/>
        <SP HPOS="522" ID="PAG_00000084_SP000104" VPOS="1305" WIDTH="28"/>
        <String CONTENT="retraite" HEIGHT="33" HPOS="550" ID="PAG_00000084_ST000119" STYLEREFS="TXT_1" VPOS="1305" WC="1" WIDTH="131"/>
        <SP HPOS="681" ID="PAG_00000084_SP000105" VPOS="1305" WIDTH="29"/>
        <String CONTENT="de" HEIGHT="32" HPOS="710" ID="PAG_00000084_ST000120" STYLEREFS="TXT_1" VPOS="1305" WC="1" WIDTH="41"/>
        <SP HPOS="751" ID="PAG_00000084_SP000106" VPOS="1304" WIDTH="28"/>
        <String CONTENT="Russie" HEIGHT="34" HPOS="779" ID="PAG_00000084_ST000121" STYLEREFS="TXT_1" VPOS="1304" WC="0.92" WIDTH="675"/>
        <SP HPOS="1454" ID="PAG_00000084_SP000107" VPOS="1304" WIDTH="1"/>
        <String CONTENT="&#8212;" HEIGHT="34" HPOS="1454" ID="PAG_00000084_ST000122" STYLEREFS="TXT_1" VPOS="1304" WC="0.92" WIDTH="193"/>
      </TextLine>
      <TextLine HEIGHT="48" HPOS="150" ID="PAG_00000084_TL000016" STYLEREFS="TXT_1" VPOS="1374" WIDTH="1308">
        <String CONTENT="764" HEIGHT="35" HPOS="150" ID="PAG_00000084_ST000123" STYLEREFS="TXT_1" VPOS="1376" WC="1" WIDTH="68"/>
        <SP HPOS="218" ID="PAG_00000084_SP000108" VPOS="1377" WIDTH="121"/>
        <String CONTENT="Raoux," HEIGHT="42" HPOS="339" ID="PAG_00000084_ST000124" STYLEREFS="TXT_1" VPOS="1377" WC="1" WIDTH="143"/>
        <SP HPOS="482" ID="PAG_00000084_SP000109" VPOS="1377" WIDTH="27"/>
        <String CONTENT="Jean." HEIGHT="34" HPOS="509" ID="PAG_00000084_ST000125" STYLEREFS="TXT_1" VPOS="1377" WC="1" WIDTH="107"/>
        <SP HPOS="616" ID="PAG_00000084_SP000110" VPOS="1374" WIDTH="32"/>
        <String CONTENT="(1677-1714)." HEIGHT="48" HPOS="648" ID="PAG_00000084_ST000126" STYLEREFS="TXT_1" VPOS="1374" WC="0.92" WIDTH="280"/>
        <SP HPOS="928" ID="PAG_00000084_SP000111" VPOS="1374" WIDTH="1"/>
        <String CONTENT="-" HEIGHT="48" HPOS="928" ID="PAG_00000084_ST000127" STYLEREFS="TXT_1" VPOS="1374" WC="0.92" WIDTH="43"/>
        <SP HPOS="971" ID="PAG_00000084_SP000112" VPOS="1374" WIDTH="1"/>
        <String CONTENT="Télémaquc" HEIGHT="48" HPOS="971" ID="PAG_00000084_ST000128" STYLEREFS="TXT_1" VPOS="1374" WC="0.92" WIDTH="239"/>
        <SP HPOS="1210" ID="PAG_00000084_SP000113" VPOS="1380" WIDTH="30"/>
        <String CONTENT="raconte" HEIGHT="28" HPOS="1240" ID="PAG_00000084_ST000129" STYLEREFS="TXT_1" VPOS="1380" WC="1" WIDTH="136"/>
        <SP HPOS="1376" ID="PAG_00000084_SP000114" VPOS="1387" WIDTH="29"/>
        <String CONTENT="ses" HEIGHT="21" HPOS="1405" ID="PAG_00000084_ST000130" STYLEREFS="TXT_1" VPOS="1387" WC="1" WIDTH="53"/>
      </TextLine>
      <TextLine HEIGHT="45" HPOS="528" ID="PAG_00000084_TL000017" STYLEREFS="TXT_1" VPOS="1434" WIDTH="1107">
        <String CONTENT="aventures" HEIGHT="28" HPOS="528" ID="PAG_00000084_ST000131" STYLEREFS="TXT_1" VPOS="1441" WC="1" WIDTH="182"/>
        <SP HPOS="710" ID="PAG_00000084_SP000115" VPOS="1439" WIDTH="27"/>
        <String CONTENT="à" HEIGHT="29" HPOS="737" ID="PAG_00000084_ST000132" STYLEREFS="TXT_1" VPOS="1439" WC="1" WIDTH="17"/>
        <SP HPOS="754" ID="PAG_00000084_SP000116" VPOS="1436" WIDTH="28"/>
        <String CONTENT="Calypso." HEIGHT="43" HPOS="782" ID="PAG_00000084_ST000133" STYLEREFS="TXT_1" VPOS="1436" WC="0.99" WIDTH="668"/>
        <SP HPOS="1450" ID="PAG_00000084_SP000117" VPOS="1434" WIDTH="59"/>
        <String CONTENT="XVI-S" HEIGHT="35" HPOS="1509" ID="PAG_00000084_ST000134" STYLEREFS="TXT_1" VPOS="1434" WC="1" WIDTH="126"/>
      </TextLine>
      <TextLine HEIGHT="43" HPOS="151" ID="PAG_00000084_TL000018" STYLEREFS="TXT_1" VPOS="1495" WIDTH="1417">
        <String CONTENT="765" HEIGHT="35" HPOS="151" ID="PAG_00000084_ST000135" STYLEREFS="TXT_1" VPOS="1496" WC="1" WIDTH="67"/>
        <SP HPOS="218" ID="PAG_00000084_SP000118" VPOS="1516" WIDTH="170"/>
        <String CONTENT="&#8212;" HEIGHT="4" HPOS="388" ID="PAG_00000084_ST000136" STYLEREFS="TXT_1" VPOS="1516" WC="0.66" WIDTH="41"/>
        <SP HPOS="429" ID="PAG_00000084_SP000119" VPOS="1497" WIDTH="47"/>
        <String CONTENT="Jeune" HEIGHT="41" HPOS="476" ID="PAG_00000084_ST000137" STYLEREFS="TXT_1" VPOS="1497" WC="1" WIDTH="108"/>
        <SP HPOS="584" ID="PAG_00000084_SP000120" VPOS="1495" WIDTH="27"/>
        <String CONTENT="fille" HEIGHT="33" HPOS="611" ID="PAG_00000084_ST000138" STYLEREFS="TXT_1" VPOS="1495" WC="1" WIDTH="70"/>
        <SP HPOS="681" ID="PAG_00000084_SP000121" VPOS="1496" WIDTH="28"/>
        <String CONTENT="lisant" HEIGHT="33" HPOS="709" ID="PAG_00000084_ST000139" STYLEREFS="TXT_1" VPOS="1496" WC="1" WIDTH="103"/>
        <SP HPOS="812" ID="PAG_00000084_SP000122" VPOS="1507" WIDTH="30"/>
        <String CONTENT="une" HEIGHT="21" HPOS="842" ID="PAG_00000084_ST000140" STYLEREFS="TXT_1" VPOS="1507" WC="1" WIDTH="66"/>
        <SP HPOS="908" ID="PAG_00000084_SP000123" VPOS="1496" WIDTH="28"/>
        <String CONTENT="lettre" HEIGHT="33" HPOS="936" ID="PAG_00000084_ST000141" STYLEREFS="TXT_1" VPOS="1496" WC="1" WIDTH="96"/>
        <SP HPOS="1032" ID="PAG_00000084_SP000124" VPOS="1522" WIDTH="90"/>
        <String CONTENT="I-E" HEIGHT="34" HPOS="1508" ID="PAG_00000084_ST000142" STYLEREFS="TXT_1" VPOS="1495" WC="1" WIDTH="60"/>
      </TextLine>
      <TextLine HEIGHT="47" HPOS="127" ID="PAG_00000084_TL000019" STYLEREFS="TXT_1" VPOS="1566" WIDTH="1328">
        <String CONTENT="S." HEIGHT="34" HPOS="127" ID="PAG_00000084_ST000143" STYLEREFS="TXT_1" VPOS="1567" WC="1" WIDTH="34"/>
        <SP HPOS="161" ID="PAG_00000084_SP000125" VPOS="1567" WIDTH="30"/>
        <String CONTENT="N°" HEIGHT="34" HPOS="191" ID="PAG_00000084_ST000144" STYLEREFS="TXT_1" VPOS="1567" WC="0.99" WIDTH="51"/>
        <SP HPOS="242" ID="PAG_00000084_SP000126" VPOS="1568" WIDTH="101"/>
        <String CONTENT="Ravier," HEIGHT="42" HPOS="343" ID="PAG_00000084_ST000145" STYLEREFS="TXT_1" VPOS="1568" WC="1" WIDTH="150"/>
        <SP HPOS="493" ID="PAG_00000084_SP000127" VPOS="1568" WIDTH="29"/>
        <String CONTENT="Auguste." HEIGHT="43" HPOS="522" ID="PAG_00000084_ST000146" STYLEREFS="TXT_1" VPOS="1568" WC="1" WIDTH="186"/>
        <SP HPOS="708" ID="PAG_00000084_SP000128" VPOS="1566" WIDTH="31"/>
        <String CONTENT="(1814-180=,)." HEIGHT="47" HPOS="739" ID="PAG_00000084_ST000147" STYLEREFS="TXT_1" VPOS="1566" WC="0.86" WIDTH="249"/>
        <SP HPOS="988" ID="PAG_00000084_SP000129" VPOS="1588" WIDTH="38"/>
        <String CONTENT="&#8212;" HEIGHT="3" HPOS="1026" ID="PAG_00000084_ST000148" STYLEREFS="TXT_1" VPOS="1588" WC="0.66" WIDTH="41"/>
        <SP HPOS="1067" ID="PAG_00000084_SP000130" VPOS="1569" WIDTH="31"/>
        <String CONTENT="Le" HEIGHT="31" HPOS="1098" ID="PAG_00000084_ST000149" STYLEREFS="TXT_1" VPOS="1569" WC="1" WIDTH="40"/>
        <SP HPOS="1138" ID="PAG_00000084_SP000131" VPOS="1568" WIDTH="34"/>
        <String CONTENT="Tibre" HEIGHT="32" HPOS="1172" ID="PAG_00000084_ST000150" STYLEREFS="TXT_1" VPOS="1568" WC="1" WIDTH="101"/>
        <SP HPOS="1273" ID="PAG_00000084_SP000132" VPOS="1571" WIDTH="28"/>
        <String CONTENT="à" HEIGHT="29" HPOS="1301" ID="PAG_00000084_ST000151" STYLEREFS="TXT_1" VPOS="1571" WC="1" WIDTH="17"/>
        <SP HPOS="1318" ID="PAG_00000084_SP000133" VPOS="1567" WIDTH="27"/>
        <String CONTENT="Ostie," HEIGHT="37" HPOS="1345" ID="PAG_00000084_ST000152" STYLEREFS="TXT_1" VPOS="1567" WC="1" WIDTH="110"/>
      </TextLine>
      <TextLine HEIGHT="45" HPOS="532" ID="PAG_00000084_TL000020" STYLEREFS="TXT_1" VPOS="1625" WIDTH="1284">
        <String CONTENT="le" HEIGHT="32" HPOS="532" ID="PAG_00000084_ST000153" STYLEREFS="TXT_1" VPOS="1628" WC="1" WIDTH="29"/>
        <SP HPOS="561" ID="PAG_00000084_SP000134" VPOS="1627" WIDTH="28"/>
        <String CONTENT="soir." HEIGHT="34" HPOS="589" ID="PAG_00000084_ST000154" STYLEREFS="TXT_1" VPOS="1627" WC="0.75" WIDTH="170"/>
        <SP HPOS="759" ID="PAG_00000084_SP000135" VPOS="1627" WIDTH="1"/>
        <String CONTENT="," HEIGHT="34" HPOS="759" ID="PAG_00000084_ST000155" STYLEREFS="TXT_1" VPOS="1627" WC="0.75" WIDTH="34"/>
        <SP HPOS="793" ID="PAG_00000084_SP000136" VPOS="1627" WIDTH="1"/>
        <String CONTENT="," HEIGHT="34" HPOS="946" ID="PAG_00000084_ST000156" STYLEREFS="TXT_1" VPOS="1627" WC="0.75" WIDTH="34"/>
        <SP HPOS="980" ID="PAG_00000084_SP000137" VPOS="1627" WIDTH="1"/>
        <String CONTENT="," HEIGHT="34" HPOS="980" ID="PAG_00000084_ST000157" STYLEREFS="TXT_1" VPOS="1627" WC="0.75" WIDTH="34"/>
        <SP HPOS="1014" ID="PAG_00000084_SP000138" VPOS="1627" WIDTH="1"/>
        <String CONTENT="," HEIGHT="34" HPOS="1133" ID="PAG_00000084_ST000158" STYLEREFS="TXT_1" VPOS="1627" WC="0.75" WIDTH="34"/>
        <SP HPOS="1167" ID="PAG_00000084_SP000139" VPOS="1627" WIDTH="61"/>
        <String CONTENT="E." HEIGHT="45" HPOS="1279" ID="PAG_00000084_ST000159" STYLEREFS="TXT_1" VPOS="1625" WC="0.99" WIDTH="64"/>
        <SP HPOS="1343" ID="PAG_00000084_SP000140" VPOS="1625" WIDTH="1"/>
        <String CONTENT="F." HEIGHT="45" HPOS="1343" ID="PAG_00000084_ST000160" STYLEREFS="TXT_1" VPOS="1625" WC="0.99" WIDTH="64"/>
        <SP HPOS="1407" ID="PAG_00000084_SP000141" VPOS="1625" WIDTH="1"/>
        <String CONTENT="XIXe" HEIGHT="45" HPOS="1407" ID="PAG_00000084_ST000161" STYLEREFS="TXT_1" VPOS="1625" WC="0.99" WIDTH="107"/>
        <SP HPOS="1514" ID="PAG_00000084_SP000142" VPOS="1625" WIDTH="1"/>
        <String CONTENT="S." HEIGHT="45" HPOS="1514" ID="PAG_00000084_ST000162" STYLEREFS="TXT_1" VPOS="1625" WC="0.99" WIDTH="64"/>
        <SP HPOS="1578" ID="PAG_00000084_SP000143" VPOS="1625" WIDTH="1"/>
        <String CONTENT="2e" HEIGHT="45" HPOS="1578" ID="PAG_00000084_ST000163" STYLEREFS="TXT_1" VPOS="1625" WC="0.99" WIDTH="64"/>
        <SP HPOS="1642" ID="PAG_00000084_SP000144" VPOS="1625" WIDTH="1"/>
        <String CONTENT="étage" HEIGHT="45" HPOS="1642" ID="PAG_00000084_ST000164" STYLEREFS="TXT_1" VPOS="1625" WC="0.99" WIDTH="128"/>
        <SP HPOS="1770" ID="PAG_00000084_SP000145" VPOS="1625" WIDTH="1"/>
        <String CONTENT="I" HEIGHT="45" HPOS="1770" ID="PAG_00000084_ST000165" STYLEREFS="TXT_1" VPOS="1625" WC="0.99" WIDTH="46"/>
      </TextLine>
      <TextLine HEIGHT="47" HPOS="128" ID="PAG_00000084_TL000021" STYLEREFS="TXT_1" VPOS="1685" WIDTH="1688">
        <String CONTENT="S." HEIGHT="34" HPOS="128" ID="PAG_00000084_ST000166" STYLEREFS="TXT_1" VPOS="1685" WC="1" WIDTH="48"/>
        <SP HPOS="176" ID="PAG_00000084_SP000146" VPOS="1685" WIDTH="1"/>
        <String CONTENT="N°" HEIGHT="34" HPOS="176" ID="PAG_00000084_ST000167" STYLEREFS="TXT_1" VPOS="1685" WC="1" WIDTH="66"/>
        <SP HPOS="242" ID="PAG_00000084_SP000147" VPOS="1706" WIDTH="146"/>
        <String CONTENT="-" HEIGHT="5" HPOS="388" ID="PAG_00000084_ST000168" STYLEREFS="TXT_1" VPOS="1706" WC="0.66" WIDTH="44"/>
        <SP HPOS="432" ID="PAG_00000084_SP000148" VPOS="1686" WIDTH="53"/>
        <String CONTENT="L'étang" HEIGHT="46" HPOS="485" ID="PAG_00000084_ST000169" STYLEREFS="TXT_1" VPOS="1686" WC="1" WIDTH="141"/>
        <SP HPOS="626" ID="PAG_00000084_SP000149" VPOS="1687" WIDTH="26"/>
        <String CONTENT="de" HEIGHT="32" HPOS="652" ID="PAG_00000084_ST000170" STYLEREFS="TXT_1" VPOS="1687" WC="1" WIDTH="41"/>
        <SP HPOS="693" ID="PAG_00000084_SP000150" VPOS="1688" WIDTH="28"/>
        <String CONTENT="la" HEIGHT="31" HPOS="721" ID="PAG_00000084_ST000171" STYLEREFS="TXT_1" VPOS="1688" WC="0.97" WIDTH="49"/>
        <SP HPOS="770" ID="PAG_00000084_SP000151" VPOS="1688" WIDTH="1"/>
        <String CONTENT="Levaz" HEIGHT="31" HPOS="770" ID="PAG_00000084_ST000172" STYLEREFS="TXT_1" VPOS="1688" WC="0.97" WIDTH="115"/>
        <SP HPOS="885" ID="PAG_00000084_SP000152" VPOS="1690" WIDTH="27"/>
        <String CONTENT="à" HEIGHT="29" HPOS="912" ID="PAG_00000084_ST000173" STYLEREFS="TXT_1" VPOS="1690" WC="1" WIDTH="18"/>
        <SP HPOS="930" ID="PAG_00000084_SP000153" VPOS="1688" WIDTH="29"/>
        <String CONTENT="Morestcl." HEIGHT="33" HPOS="959" ID="PAG_00000084_ST000174" STYLEREFS="TXT_1" VPOS="1688" WC="0.91" WIDTH="430"/>
        <SP HPOS="1389" ID="PAG_00000084_SP000154" VPOS="1688" WIDTH="1"/>
        <String CONTENT="," HEIGHT="33" HPOS="1389" ID="PAG_00000084_ST000175" STYLEREFS="TXT_1" VPOS="1688" WC="0.91" WIDTH="59"/>
        <SP HPOS="1448" ID="PAG_00000084_SP000155" VPOS="1707" WIDTH="158"/>
        <String CONTENT="&#8212;" HEIGHT="2" HPOS="1606" ID="PAG_00000084_ST000176" STYLEREFS="TXT_1" VPOS="1707" WC="0.66" WIDTH="41"/>
        <SP HPOS="1647" ID="PAG_00000084_SP000156" VPOS="1686" WIDTH="155"/>
        <String CONTENT="1" HEIGHT="34" HPOS="1802" ID="PAG_00000084_ST000177" STYLEREFS="TXT_1" VPOS="1686" WC="0.67" WIDTH="14"/>
      </TextLine>
      <TextLine HEIGHT="46" HPOS="127" ID="PAG_00000084_TL000022" STYLEREFS="TXT_1" VPOS="1745" WIDTH="1690">
        <String CONTENT="S." HEIGHT="35" HPOS="127" ID="PAG_00000084_ST000178" STYLEREFS="TXT_1" VPOS="1745" WC="0.92" WIDTH="47"/>
        <SP HPOS="174" ID="PAG_00000084_SP000157" VPOS="1745" WIDTH="1"/>
        <String CONTENT="N&quot;" HEIGHT="35" HPOS="174" ID="PAG_00000084_ST000179" STYLEREFS="TXT_1" VPOS="1745" WC="0.92" WIDTH="64"/>
        <SP HPOS="238" ID="PAG_00000084_SP000158" VPOS="1766" WIDTH="150"/>
        <String CONTENT="-" HEIGHT="4" HPOS="388" ID="PAG_00000084_ST000180" STYLEREFS="TXT_1" VPOS="1766" WC="0.66" WIDTH="36"/>
        <SP HPOS="424" ID="PAG_00000084_SP000159" VPOS="1747" WIDTH="56"/>
        <String CONTENT="Les" HEIGHT="31" HPOS="480" ID="PAG_00000084_ST000181" STYLEREFS="TXT_1" VPOS="1747" WC="1" WIDTH="59"/>
        <SP HPOS="539" ID="PAG_00000084_SP000160" VPOS="1757" WIDTH="28"/>
        <String CONTENT="nuages." HEIGHT="34" HPOS="567" ID="PAG_00000084_ST000182" STYLEREFS="TXT_1" VPOS="1757" WC="0.88" WIDTH="402"/>
        <SP HPOS="969" ID="PAG_00000084_SP000161" VPOS="1757" WIDTH="1"/>
        <String CONTENT="," HEIGHT="34" HPOS="969" ID="PAG_00000084_ST000183" STYLEREFS="TXT_1" VPOS="1757" WC="0.88" WIDTH="40"/>
        <SP HPOS="1009" ID="PAG_00000084_SP000162" VPOS="1757" WIDTH="1"/>
        <String CONTENT="," HEIGHT="34" HPOS="1330" ID="PAG_00000084_ST000184" STYLEREFS="TXT_1" VPOS="1757" WC="0.88" WIDTH="40"/>
        <SP HPOS="1370" ID="PAG_00000084_SP000163" VPOS="1757" WIDTH="157"/>
        <String CONTENT="&#8212;" HEIGHT="3" HPOS="1609" ID="PAG_00000084_ST000185" STYLEREFS="TXT_1" VPOS="1766" WC="0.66" WIDTH="41"/>
        <SP HPOS="1650" ID="PAG_00000084_SP000164" VPOS="1745" WIDTH="152"/>
        <String CONTENT="1" HEIGHT="34" HPOS="1802" ID="PAG_00000084_ST000186" STYLEREFS="TXT_1" VPOS="1745" WC="0.67" WIDTH="15"/>
      </TextLine>
      <TextLine HEIGHT="44" HPOS="128" ID="PAG_00000084_TL000023" STYLEREFS="TXT_1" VPOS="1804" WIDTH="1689">
        <String CONTENT="S." HEIGHT="34" HPOS="128" ID="PAG_00000084_ST000187" STYLEREFS="TXT_1" VPOS="1804" WC="1" WIDTH="48"/>
        <SP HPOS="176" ID="PAG_00000084_SP000165" VPOS="1804" WIDTH="1"/>
        <String CONTENT="N°" HEIGHT="34" HPOS="176" ID="PAG_00000084_ST000188" STYLEREFS="TXT_1" VPOS="1804" WC="1" WIDTH="66"/>
        <SP HPOS="242" ID="PAG_00000084_SP000166" VPOS="1825" WIDTH="149"/>
        <String CONTENT="-" HEIGHT="4" HPOS="391" ID="PAG_00000084_ST000189" STYLEREFS="TXT_1" VPOS="1825" WC="0.66" WIDTH="38"/>
        <SP HPOS="429" ID="PAG_00000084_SP000167" VPOS="1806" WIDTH="55"/>
        <String CONTENT="Les" HEIGHT="32" HPOS="484" ID="PAG_00000084_ST000190" STYLEREFS="TXT_1" VPOS="1806" WC="1" WIDTH="60"/>
        <SP HPOS="544" ID="PAG_00000084_SP000168" VPOS="1806" WIDTH="28"/>
        <String CONTENT="peupliers." HEIGHT="42" HPOS="572" ID="PAG_00000084_ST000191" STYLEREFS="TXT_1" VPOS="1806" WC="0.99" WIDTH="879"/>
        <SP HPOS="1451" ID="PAG_00000084_SP000169" VPOS="1826" WIDTH="153"/>
        <String CONTENT="&#8212;" HEIGHT="3" HPOS="1604" ID="PAG_00000084_ST000192" STYLEREFS="TXT_1" VPOS="1826" WC="0.66" WIDTH="44"/>
        <SP HPOS="1648" ID="PAG_00000084_SP000170" VPOS="1805" WIDTH="154"/>
        <String CONTENT="1" HEIGHT="33" HPOS="1802" ID="PAG_00000084_ST000193" STYLEREFS="TXT_1" VPOS="1805" WC="0.67" WIDTH="15"/>
      </TextLine>
      <TextLine HEIGHT="47" HPOS="128" ID="PAG_00000084_TL000024" STYLEREFS="TXT_1" VPOS="1863" WIDTH="1689">
        <String CONTENT="S." HEIGHT="35" HPOS="128" ID="PAG_00000084_ST000194" STYLEREFS="TXT_1" VPOS="1863" WC="1" WIDTH="47"/>
        <SP HPOS="175" ID="PAG_00000084_SP000171" VPOS="1863" WIDTH="1"/>
        <String CONTENT="N°" HEIGHT="35" HPOS="175" ID="PAG_00000084_ST000195" STYLEREFS="TXT_1" VPOS="1863" WC="1" WIDTH="64"/>
        <SP HPOS="239" ID="PAG_00000084_SP000172" VPOS="1885" WIDTH="152"/>
        <String CONTENT="-" HEIGHT="4" HPOS="391" ID="PAG_00000084_ST000196" STYLEREFS="TXT_1" VPOS="1885" WC="0.66" WIDTH="36"/>
        <SP HPOS="427" ID="PAG_00000084_SP000173" VPOS="1865" WIDTH="54"/>
        <String CONTENT="L'Etang" HEIGHT="45" HPOS="481" ID="PAG_00000084_ST000197" STYLEREFS="TXT_1" VPOS="1865" WC="1" WIDTH="147"/>
        <SP HPOS="628" ID="PAG_00000084_SP000174" VPOS="1876" WIDTH="26"/>
        <String CONTENT="au" HEIGHT="21" HPOS="654" ID="PAG_00000084_ST000198" STYLEREFS="TXT_1" VPOS="1876" WC="1" WIDTH="41"/>
        <SP HPOS="695" ID="PAG_00000084_SP000175" VPOS="1866" WIDTH="31"/>
        <String CONTENT="bouquet" HEIGHT="40" HPOS="726" ID="PAG_00000084_ST000199" STYLEREFS="TXT_1" VPOS="1866" WC="1" WIDTH="157"/>
        <SP HPOS="883" ID="PAG_00000084_SP000176" VPOS="1865" WIDTH="28"/>
        <String CONTENT="d'arbres." HEIGHT="34" HPOS="911" ID="PAG_00000084_ST000200" STYLEREFS="TXT_1" VPOS="1865" WC="1" WIDTH="539"/>
        <SP HPOS="1450" ID="PAG_00000084_SP000177" VPOS="1885" WIDTH="157"/>
        <String CONTENT="&#8212;" HEIGHT="3" HPOS="1607" ID="PAG_00000084_ST000201" STYLEREFS="TXT_1" VPOS="1885" WC="0.66" WIDTH="42"/>
        <SP HPOS="1649" ID="PAG_00000084_SP000178" VPOS="1864" WIDTH="134"/>
        <String CONTENT="II" HEIGHT="34" HPOS="1783" ID="PAG_00000084_ST000202" STYLEREFS="TXT_1" VPOS="1864" WC="0.97" WIDTH="34"/>
      </TextLine>
      <TextLine HEIGHT="37" HPOS="128" ID="PAG_00000084_TL000025" STYLEREFS="TXT_1" VPOS="1922" WIDTH="1689">
        <String CONTENT="S." HEIGHT="36" HPOS="128" ID="PAG_00000084_ST000203" STYLEREFS="TXT_1" VPOS="1922" WC="0.94" WIDTH="47"/>
        <SP HPOS="175" ID="PAG_00000084_SP000179" VPOS="1922" WIDTH="1"/>
        <String CONTENT="N&quot;" HEIGHT="36" HPOS="175" ID="PAG_00000084_ST000204" STYLEREFS="TXT_1" VPOS="1922" WC="0.94" WIDTH="64"/>
        <SP HPOS="239" ID="PAG_00000084_SP000180" VPOS="1943" WIDTH="146"/>
        <String CONTENT="-" HEIGHT="5" HPOS="385" ID="PAG_00000084_ST000205" STYLEREFS="TXT_1" VPOS="1943" WC="0.66" WIDTH="42"/>
        <SP HPOS="427" ID="PAG_00000084_SP000181" VPOS="1925" WIDTH="54"/>
        <String CONTENT="Les" HEIGHT="32" HPOS="481" ID="PAG_00000084_ST000206" STYLEREFS="TXT_1" VPOS="1925" WC="1" WIDTH="59"/>
        <SP HPOS="540" ID="PAG_00000084_SP000182" VPOS="1925" WIDTH="28"/>
        <String CONTENT="rochers" HEIGHT="32" HPOS="568" ID="PAG_00000084_ST000207" STYLEREFS="TXT_1" VPOS="1925" WC="1" WIDTH="134"/>
        <SP HPOS="702" ID="PAG_00000084_SP000183" VPOS="1925" WIDTH="27"/>
        <String CONTENT="de" HEIGHT="32" HPOS="729" ID="PAG_00000084_ST000208" STYLEREFS="TXT_1" VPOS="1925" WC="1" WIDTH="41"/>
        <SP HPOS="770" ID="PAG_00000084_SP000184" VPOS="1925" WIDTH="29"/>
        <String CONTENT="Thuile" HEIGHT="34" HPOS="799" ID="PAG_00000084_ST000209" STYLEREFS="TXT_1" VPOS="1925" WC="0.88" WIDTH="138"/>
        <SP HPOS="937" ID="PAG_00000084_SP000185" VPOS="1925" WIDTH="1"/>
        <String CONTENT="," HEIGHT="34" HPOS="1273" ID="PAG_00000084_ST000210" STYLEREFS="TXT_1" VPOS="1925" WC="0.88" WIDTH="39"/>
        <SP HPOS="1312" ID="PAG_00000084_SP000186" VPOS="1925" WIDTH="155"/>
        <String CONTENT="&#8212;" HEIGHT="3" HPOS="1608" ID="PAG_00000084_ST000211" STYLEREFS="TXT_1" VPOS="1945" WC="0.66" WIDTH="42"/>
        <SP HPOS="1650" ID="PAG_00000084_SP000187" VPOS="1924" WIDTH="134"/>
        <String CONTENT="II" HEIGHT="34" HPOS="1784" ID="PAG_00000084_ST000212" STYLEREFS="TXT_1" VPOS="1924" WC="0.97" WIDTH="33"/>
      </TextLine>
      <TextLine HEIGHT="38" HPOS="129" ID="PAG_00000084_TL000026" STYLEREFS="TXT_1" VPOS="1981" WIDTH="1688">
        <String CONTENT="S." HEIGHT="35" HPOS="129" ID="PAG_00000084_ST000213" STYLEREFS="TXT_1" VPOS="1981" WC="0.99" WIDTH="48"/>
        <SP HPOS="177" ID="PAG_00000084_SP000188" VPOS="1981" WIDTH="1"/>
        <String CONTENT="N°" HEIGHT="35" HPOS="177" ID="PAG_00000084_ST000214" STYLEREFS="TXT_1" VPOS="1981" WC="0.99" WIDTH="66"/>
        <SP HPOS="243" ID="PAG_00000084_SP000189" VPOS="2003" WIDTH="146"/>
        <String CONTENT="-" HEIGHT="4" HPOS="389" ID="PAG_00000084_ST000215" STYLEREFS="TXT_1" VPOS="2003" WC="0.66" WIDTH="41"/>
        <SP HPOS="430" ID="PAG_00000084_SP000190" VPOS="1985" WIDTH="53"/>
        <String CONTENT="Vue" HEIGHT="31" HPOS="483" ID="PAG_00000084_ST000216" STYLEREFS="TXT_1" VPOS="1985" WC="1" WIDTH="71"/>
        <SP HPOS="554" ID="PAG_00000084_SP000191" VPOS="1985" WIDTH="28"/>
        <String CONTENT="de" HEIGHT="31" HPOS="582" ID="PAG_00000084_ST000217" STYLEREFS="TXT_1" VPOS="1985" WC="1" WIDTH="41"/>
        <SP HPOS="623" ID="PAG_00000084_SP000192" VPOS="1984" WIDTH="31"/>
        <String CONTENT="Cremieu" HEIGHT="35" HPOS="654" ID="PAG_00000084_ST000218" STYLEREFS="TXT_1" VPOS="1984" WC="1" WIDTH="357"/>
        <SP HPOS="1011" ID="PAG_00000084_SP000193" VPOS="1984" WIDTH="1"/>
        <String CONTENT="Palier" HEIGHT="35" HPOS="1011" ID="PAG_00000084_ST000219" STYLEREFS="TXT_1" VPOS="1984" WC="1" WIDTH="313"/>
        <SP HPOS="1324" ID="PAG_00000084_SP000194" VPOS="1984" WIDTH="1"/>
        <String CONTENT="esc." HEIGHT="35" HPOS="1324" ID="PAG_00000084_ST000220" STYLEREFS="TXT_1" VPOS="1984" WC="1" WIDTH="223"/>
        <SP HPOS="1547" ID="PAG_00000084_SP000195" VPOS="1984" WIDTH="1"/>
        <String CONTENT="T." HEIGHT="35" HPOS="1547" ID="PAG_00000084_ST000221" STYLEREFS="TXT_1" VPOS="1984" WC="1" WIDTH="134"/>
        <SP HPOS="1681" ID="PAG_00000084_SP000196" VPOS="1984" WIDTH="1"/>
        <String CONTENT="T." HEIGHT="35" HPOS="1681" ID="PAG_00000084_ST000222" STYLEREFS="TXT_1" VPOS="1984" WC="1" WIDTH="136"/>
      </TextLine>
    </TextBlock>
    <TextBlock HEIGHT="905" HPOS="128" ID="PAG_00000084_TB000004" STYLEREFS="TXT_1" TYPE="table" VPOS="2040" WIDTH="1694" language="fr">
      <TextLine HEIGHT="48" HPOS="128" ID="PAG_00000084_TL000027" STYLEREFS="TXT_1" VPOS="2040" WIDTH="1690">
        <String CONTENT="S." HEIGHT="35" HPOS="128" ID="PAG_00000084_ST000223" STYLEREFS="TXT_1" VPOS="2040" WC="1" WIDTH="34"/>
        <SP HPOS="162" ID="PAG_00000084_SP000197" VPOS="2042" WIDTH="29"/>
        <String CONTENT="N°" HEIGHT="34" HPOS="191" ID="PAG_00000084_ST000224" STYLEREFS="TXT_1" VPOS="2042" WC="0.99" WIDTH="51"/>
        <SP HPOS="242" ID="PAG_00000084_SP000198" VPOS="2063" WIDTH="146"/>
        <String CONTENT="-" HEIGHT="4" HPOS="388" ID="PAG_00000084_ST000225" STYLEREFS="TXT_1" VPOS="2063" WC="0.66" WIDTH="46"/>
        <SP HPOS="434" ID="PAG_00000084_SP000199" VPOS="2044" WIDTH="51"/>
        <String CONTENT="Le" HEIGHT="31" HPOS="485" ID="PAG_00000084_ST000226" STYLEREFS="TXT_1" VPOS="2044" WC="1" WIDTH="41"/>
        <SP HPOS="526" ID="PAG_00000084_SP000200" VPOS="2043" WIDTH="27"/>
        <String CONTENT="chemin" HEIGHT="33" HPOS="553" ID="PAG_00000084_ST000227" STYLEREFS="TXT_1" VPOS="2043" WC="1" WIDTH="139"/>
        <SP HPOS="692" ID="PAG_00000084_SP000201" VPOS="2054" WIDTH="20"/>
        <String CONTENT="creux," HEIGHT="27" HPOS="712" ID="PAG_00000084_ST000228" STYLEREFS="TXT_1" VPOS="2054" WC="1" WIDTH="114"/>
        <SP HPOS="826" ID="PAG_00000084_SP000202" VPOS="2044" WIDTH="24"/>
        <String CONTENT="environs" HEIGHT="33" HPOS="850" ID="PAG_00000084_ST000229" STYLEREFS="TXT_1" VPOS="2044" WC="1" WIDTH="162"/>
        <SP HPOS="1012" ID="PAG_00000084_SP000203" VPOS="2045" WIDTH="21"/>
        <String CONTENT="de" HEIGHT="31" HPOS="1033" ID="PAG_00000084_ST000230" STYLEREFS="TXT_1" VPOS="2045" WC="1" WIDTH="41"/>
        <SP HPOS="1074" ID="PAG_00000084_SP000204" VPOS="2044" WIDTH="22"/>
        <String CONTENT="Cremieu." HEIGHT="32" HPOS="1096" ID="PAG_00000084_ST000231" STYLEREFS="TXT_1" VPOS="2044" WC="0.98" WIDTH="170"/>
        <SP HPOS="1266" ID="PAG_00000084_SP000205" VPOS="2044" WIDTH="32"/>
        <String CONTENT="E.F." HEIGHT="34" HPOS="1298" ID="PAG_00000084_ST000232" STYLEREFS="TXT_1" VPOS="2044" WC="1" WIDTH="75"/>
        <SP HPOS="1373" ID="PAG_00000084_SP000206" VPOS="2043" WIDTH="22"/>
        <String CONTENT="XIXe" HEIGHT="35" HPOS="1395" ID="PAG_00000084_ST000233" STYLEREFS="TXT_1" VPOS="2043" WC="0.99" WIDTH="78"/>
        <SP HPOS="1473" ID="PAG_00000084_SP000207" VPOS="2043" WIDTH="1"/>
        <String CONTENT="S." HEIGHT="35" HPOS="1473" ID="PAG_00000084_ST000234" STYLEREFS="TXT_1" VPOS="2043" WC="0.99" WIDTH="63"/>
        <SP HPOS="1536" ID="PAG_00000084_SP000208" VPOS="2044" WIDTH="19"/>
        <String CONTENT="1er" HEIGHT="34" HPOS="1555" ID="PAG_00000084_ST000235" STYLEREFS="TXT_1" VPOS="2044" WC="0.94" WIDTH="49"/>
        <SP HPOS="1604" ID="PAG_00000084_SP000209" VPOS="2043" WIDTH="23"/>
        <String CONTENT="étage" HEIGHT="45" HPOS="1627" ID="PAG_00000084_ST000236" STYLEREFS="TXT_1" VPOS="2043" WC="1" WIDTH="115"/>
        <SP HPOS="1742" ID="PAG_00000084_SP000210" VPOS="2044" WIDTH="23"/>
        <String CONTENT="III" HEIGHT="37" HPOS="1765" ID="PAG_00000084_ST000237" STYLEREFS="TXT_1" VPOS="2044" WC="1" WIDTH="53"/>
      </TextLine>
      <TextLine HEIGHT="48" HPOS="154" ID="PAG_00000084_TL000028" STYLEREFS="TXT_1" VPOS="2113" WIDTH="1306">
        <String CONTENT="767" HEIGHT="35" HPOS="154" ID="PAG_00000084_ST000238" STYLEREFS="TXT_1" VPOS="2113" WC="1" WIDTH="66"/>
        <SP HPOS="220" ID="PAG_00000084_SP000211" VPOS="2114" WIDTH="125"/>
        <String CONTENT="Regnault," HEIGHT="44" HPOS="345" ID="PAG_00000084_ST000239" STYLEREFS="TXT_1" VPOS="2114" WC="1" WIDTH="203"/>
        <SP HPOS="548" ID="PAG_00000084_SP000212" VPOS="2115" WIDTH="27"/>
        <String CONTENT="Jean-Baptiste," HEIGHT="43" HPOS="575" ID="PAG_00000084_ST000240" STYLEREFS="TXT_1" VPOS="2115" WC="1" WIDTH="305"/>
        <SP HPOS="880" ID="PAG_00000084_SP000213" VPOS="2115" WIDTH="27"/>
        <String CONTENT="baron." HEIGHT="35" HPOS="907" ID="PAG_00000084_ST000241" STYLEREFS="TXT_1" VPOS="2115" WC="1" WIDTH="135"/>
        <SP HPOS="1042" ID="PAG_00000084_SP000214" VPOS="2115" WIDTH="31"/>
        <String CONTENT="(17=54-1829)." HEIGHT="46" HPOS="1073" ID="PAG_00000084_ST000242" STYLEREFS="TXT_1" VPOS="2115" WC="0.92" WIDTH="249"/>
        <SP HPOS="1322" ID="PAG_00000084_SP000215" VPOS="2136" WIDTH="25"/>
        <String CONTENT="&#8212;" HEIGHT="3" HPOS="1347" ID="PAG_00000084_ST000243" STYLEREFS="TXT_1" VPOS="2136" WC="0.66" WIDTH="42"/>
        <SP HPOS="1389" ID="PAG_00000084_SP000216" VPOS="2117" WIDTH="30"/>
        <String CONTENT="Le" HEIGHT="31" HPOS="1419" ID="PAG_00000084_ST000244" STYLEREFS="TXT_1" VPOS="2117" WC="1" WIDTH="41"/>
      </TextLine>
      <TextLine HEIGHT="36" HPOS="532" ID="PAG_00000084_TL000029" STYLEREFS="TXT_1" VPOS="2174" WIDTH="1113">
        <String CONTENT="Christ" HEIGHT="33" HPOS="532" ID="PAG_00000084_ST000245" STYLEREFS="TXT_1" VPOS="2174" WC="1" WIDTH="112"/>
        <SP HPOS="644" ID="PAG_00000084_SP000217" VPOS="2175" WIDTH="27"/>
        <String CONTENT="descendu" HEIGHT="32" HPOS="671" ID="PAG_00000084_ST000246" STYLEREFS="TXT_1" VPOS="2175" WC="1" WIDTH="174"/>
        <SP HPOS="845" ID="PAG_00000084_SP000218" VPOS="2176" WIDTH="29"/>
        <String CONTENT="de" HEIGHT="32" HPOS="874" ID="PAG_00000084_ST000247" STYLEREFS="TXT_1" VPOS="2176" WC="1" WIDTH="41"/>
        <SP HPOS="915" ID="PAG_00000084_SP000219" VPOS="2176" WIDTH="29"/>
        <String CONTENT="la" HEIGHT="31" HPOS="944" ID="PAG_00000084_ST000248" STYLEREFS="TXT_1" VPOS="2176" WC="0.94" WIDTH="29"/>
        <SP HPOS="973" ID="PAG_00000084_SP000220" VPOS="2176" WIDTH="29"/>
        <String CONTENT="croix." HEIGHT="34" HPOS="1002" ID="PAG_00000084_ST000249" STYLEREFS="TXT_1" VPOS="2176" WC="1" WIDTH="455"/>
        <SP HPOS="1457" ID="PAG_00000084_SP000221" VPOS="2176" WIDTH="58"/>
        <String CONTENT="XVI-N" HEIGHT="33" HPOS="1515" ID="PAG_00000084_ST000250" STYLEREFS="TXT_1" VPOS="2176" WC="1" WIDTH="130"/>
      </TextLine>
      <TextLine HEIGHT="46" HPOS="154" ID="PAG_00000084_TL000030" STYLEREFS="TXT_1" VPOS="2232" WIDTH="1440">
        <String CONTENT="768" HEIGHT="34" HPOS="154" ID="PAG_00000084_ST000251" STYLEREFS="TXT_1" VPOS="2232" WC="1" WIDTH="67"/>
        <SP HPOS="221" ID="PAG_00000084_SP000222" VPOS="2253" WIDTH="172"/>
        <String CONTENT="&#8212;" HEIGHT="4" HPOS="393" ID="PAG_00000084_ST000252" STYLEREFS="TXT_1" VPOS="2253" WC="0.66" WIDTH="41"/>
        <SP HPOS="434" ID="PAG_00000084_SP000223" VPOS="2234" WIDTH="54"/>
        <String CONTENT="Education" HEIGHT="33" HPOS="488" ID="PAG_00000084_ST000253" STYLEREFS="TXT_1" VPOS="2234" WC="1" WIDTH="188"/>
        <SP HPOS="676" ID="PAG_00000084_SP000224" VPOS="2234" WIDTH="29"/>
        <String CONTENT="d'Achille" HEIGHT="33" HPOS="705" ID="PAG_00000084_ST000254" STYLEREFS="TXT_1" VPOS="2234" WC="1" WIDTH="169"/>
        <SP HPOS="874" ID="PAG_00000084_SP000225" VPOS="2246" WIDTH="28"/>
        <String CONTENT="par" HEIGHT="32" HPOS="902" ID="PAG_00000084_ST000255" STYLEREFS="TXT_1" VPOS="2246" WC="1" WIDTH="57"/>
        <SP HPOS="959" ID="PAG_00000084_SP000226" VPOS="2236" WIDTH="28"/>
        <String CONTENT="le" HEIGHT="31" HPOS="987" ID="PAG_00000084_ST000256" STYLEREFS="TXT_1" VPOS="2236" WC="1" WIDTH="29"/>
        <SP HPOS="1016" ID="PAG_00000084_SP000227" VPOS="2240" WIDTH="28"/>
        <String CONTENT="centaure" HEIGHT="28" HPOS="1044" ID="PAG_00000084_ST000257" STYLEREFS="TXT_1" VPOS="2240" WC="1" WIDTH="161"/>
        <SP HPOS="1205" ID="PAG_00000084_SP000228" VPOS="2235" WIDTH="27"/>
        <String CONTENT="Chiron" HEIGHT="34" HPOS="1232" ID="PAG_00000084_ST000258" STYLEREFS="TXT_1" VPOS="2235" WC="1" WIDTH="120"/>
        <SP HPOS="1352" ID="PAG_00000084_SP000229" VPOS="2235" WIDTH="58"/>
        <String CONTENT="11-0" HEIGHT="34" HPOS="1514" ID="PAG_00000084_ST000259" STYLEREFS="TXT_1" VPOS="2235" WC="0.96" WIDTH="80"/>
      </TextLine>
      <TextLine HEIGHT="36" HPOS="155" ID="PAG_00000084_TL000031" STYLEREFS="TXT_1" VPOS="2292" WIDTH="1426">
        <String CONTENT="769" HEIGHT="34" HPOS="155" ID="PAG_00000084_ST000260" STYLEREFS="TXT_1" VPOS="2292" WC="1" WIDTH="67"/>
        <SP HPOS="222" ID="PAG_00000084_SP000230" VPOS="2312" WIDTH="169"/>
        <String CONTENT="&#8212;" HEIGHT="4" HPOS="391" ID="PAG_00000084_ST000261" STYLEREFS="TXT_1" VPOS="2312" WC="0.66" WIDTH="41"/>
        <SP HPOS="432" ID="PAG_00000084_SP000231" VPOS="2294" WIDTH="55"/>
        <String CONTENT="Les" HEIGHT="31" HPOS="487" ID="PAG_00000084_ST000262" STYLEREFS="TXT_1" VPOS="2294" WC="1" WIDTH="59"/>
        <SP HPOS="546" ID="PAG_00000084_SP000232" VPOS="2294" WIDTH="27"/>
        <String CONTENT="trois" HEIGHT="32" HPOS="573" ID="PAG_00000084_ST000263" STYLEREFS="TXT_1" VPOS="2294" WC="1" WIDTH="82"/>
        <SP HPOS="655" ID="PAG_00000084_SP000233" VPOS="2294" WIDTH="28"/>
        <String CONTENT="Grâces." HEIGHT="34" HPOS="683" ID="PAG_00000084_ST000264" STYLEREFS="TXT_1" VPOS="2294" WC="0.97" WIDTH="777"/>
        <SP HPOS="1460" ID="PAG_00000084_SP000234" VPOS="2295" WIDTH="59"/>
        <String CONTENT="I-E" HEIGHT="33" HPOS="1519" ID="PAG_00000084_ST000265" STYLEREFS="TXT_1" VPOS="2295" WC="1" WIDTH="62"/>
      </TextLine>
      <TextLine HEIGHT="50" HPOS="131" ID="PAG_00000084_TL000032" STYLEREFS="TXT_1" VPOS="2350" WIDTH="1689">
        <String CONTENT="S." HEIGHT="34" HPOS="131" ID="PAG_00000084_ST000266" STYLEREFS="TXT_1" VPOS="2350" WC="1" WIDTH="34"/>
        <SP HPOS="165" ID="PAG_00000084_SP000235" VPOS="2351" WIDTH="29"/>
        <String CONTENT="N°" HEIGHT="34" HPOS="194" ID="PAG_00000084_ST000267" STYLEREFS="TXT_1" VPOS="2351" WC="0.99" WIDTH="50"/>
        <SP HPOS="244" ID="PAG_00000084_SP000236" VPOS="2372" WIDTH="147"/>
        <String CONTENT="&#8212;" HEIGHT="4" HPOS="391" ID="PAG_00000084_ST000268" STYLEREFS="TXT_1" VPOS="2372" WC="0.66" WIDTH="41"/>
        <SP HPOS="432" ID="PAG_00000084_SP000237" VPOS="2352" WIDTH="54"/>
        <String CONTENT="L'Amour" HEIGHT="34" HPOS="486" ID="PAG_00000084_ST000269" STYLEREFS="TXT_1" VPOS="2352" WC="1" WIDTH="164"/>
        <SP HPOS="650" ID="PAG_00000084_SP000238" VPOS="2358" WIDTH="27"/>
        <String CONTENT="et" HEIGHT="28" HPOS="677" ID="PAG_00000084_ST000270" STYLEREFS="TXT_1" VPOS="2358" WC="1" WIDTH="32"/>
        <SP HPOS="709" ID="PAG_00000084_SP000239" VPOS="2353" WIDTH="28"/>
        <String CONTENT="l'Hymen" HEIGHT="44" HPOS="737" ID="PAG_00000084_ST000271" STYLEREFS="TXT_1" VPOS="2353" WC="1" WIDTH="163"/>
        <SP HPOS="900" ID="PAG_00000084_SP000240" VPOS="2357" WIDTH="28"/>
        <String CONTENT="à" HEIGHT="29" HPOS="928" ID="PAG_00000084_ST000272" STYLEREFS="TXT_1" VPOS="2357" WC="1" WIDTH="17"/>
        <SP HPOS="945" ID="PAG_00000084_SP000241" VPOS="2355" WIDTH="24"/>
        <String CONTENT="la" HEIGHT="31" HPOS="969" ID="PAG_00000084_ST000273" STYLEREFS="TXT_1" VPOS="2355" WC="0.94" WIDTH="29"/>
        <SP HPOS="998" ID="PAG_00000084_SP000242" VPOS="2365" WIDTH="23"/>
        <String CONTENT="source" HEIGHT="22" HPOS="1021" ID="PAG_00000084_ST000274" STYLEREFS="TXT_1" VPOS="2365" WC="1" WIDTH="119"/>
        <SP HPOS="1140" ID="PAG_00000084_SP000243" VPOS="2355" WIDTH="21"/>
        <String CONTENT="de" HEIGHT="32" HPOS="1161" ID="PAG_00000084_ST000275" STYLEREFS="TXT_1" VPOS="2355" WC="1" WIDTH="42"/>
        <SP HPOS="1203" ID="PAG_00000084_SP000244" VPOS="2354" WIDTH="22"/>
        <String CONTENT="la" HEIGHT="43" HPOS="1225" ID="PAG_00000084_ST000276" STYLEREFS="TXT_1" VPOS="2354" WC="1" WIDTH="46"/>
        <SP HPOS="1271" ID="PAG_00000084_SP000245" VPOS="2354" WIDTH="1"/>
        <String CONTENT="volupté." HEIGHT="43" HPOS="1271" ID="PAG_00000084_ST000277" STYLEREFS="TXT_1" VPOS="2354" WC="1" WIDTH="155"/>
        <SP HPOS="1426" ID="PAG_00000084_SP000246" VPOS="2354" WIDTH="44"/>
        <String CONTENT="Coll." HEIGHT="46" HPOS="1470" ID="PAG_00000084_ST000278" STYLEREFS="TXT_1" VPOS="2354" WC="1" WIDTH="116"/>
        <SP HPOS="1586" ID="PAG_00000084_SP000247" VPOS="2354" WIDTH="1"/>
        <String CONTENT="Schlichting" HEIGHT="46" HPOS="1586" ID="PAG_00000084_ST000279" STYLEREFS="TXT_1" VPOS="2354" WC="1" WIDTH="234"/>
      </TextLine>
      <TextLine HEIGHT="48" HPOS="156" ID="PAG_00000084_TL000033" STYLEREFS="TXT_1" VPOS="2422" WIDTH="1304">
        <String CONTENT="770" HEIGHT="34" HPOS="156" ID="PAG_00000084_ST000280" STYLEREFS="TXT_1" VPOS="2422" WC="1" WIDTH="67"/>
        <SP HPOS="223" ID="PAG_00000084_SP000248" VPOS="2424" WIDTH="122"/>
        <String CONTENT="Regnault," HEIGHT="43" HPOS="345" ID="PAG_00000084_ST000281" STYLEREFS="TXT_1" VPOS="2424" WC="1" WIDTH="203"/>
        <SP HPOS="548" ID="PAG_00000084_SP000249" VPOS="2424" WIDTH="13"/>
        <String CONTENT="Alexandre-Georges-Henri." HEIGHT="44" HPOS="561" ID="PAG_00000084_ST000282" STYLEREFS="TXT_1" VPOS="2424" WC="1" WIDTH="560"/>
        <SP HPOS="1121" ID="PAG_00000084_SP000250" VPOS="2424" WIDTH="24"/>
        <String CONTENT="(1843-1" HEIGHT="46" HPOS="1145" ID="PAG_00000084_ST000283" STYLEREFS="TXT_1" VPOS="2424" WC="0.83" WIDTH="168"/>
        <SP HPOS="1313" ID="PAG_00000084_SP000251" VPOS="2424" WIDTH="1"/>
        <String CONTENT="87,).-" HEIGHT="46" HPOS="1313" ID="PAG_00000084_ST000284" STYLEREFS="TXT_1" SUBS_CONTENT="87,).Portrait" SUBS_TYPE="HypPart1" VPOS="2424" WC="0.83" WIDTH="147"/>
        <HYP CONTENT="-" HPOS="1460" VPOS="2470" WIDTH="30"/>
      </TextLine>
      <TextLine HEIGHT="46" HPOS="536" ID="PAG_00000084_TL000034" STYLEREFS="TXT_1" VPOS="2483" WIDTH="1117">
        <String CONTENT="Portrait" HEIGHT="33" HPOS="536" ID="PAG_00000084_ST000285" STYLEREFS="TXT_1" SUBS_CONTENT="87,).Portrait" SUBS_TYPE="HypPart2" VPOS="2483" WC="1" WIDTH="140"/>
        <SP HPOS="676" ID="PAG_00000084_SP000252" VPOS="2483" WIDTH="28"/>
        <String CONTENT="équestre" HEIGHT="42" HPOS="704" ID="PAG_00000084_ST000286" STYLEREFS="TXT_1" VPOS="2483" WC="1" WIDTH="156"/>
        <SP HPOS="860" ID="PAG_00000084_SP000253" VPOS="2485" WIDTH="28"/>
        <String CONTENT="du" HEIGHT="31" HPOS="888" ID="PAG_00000084_ST000287" STYLEREFS="TXT_1" VPOS="2485" WC="1" WIDTH="45"/>
        <SP HPOS="933" ID="PAG_00000084_SP000254" VPOS="2485" WIDTH="31"/>
        <String CONTENT="général" HEIGHT="44" HPOS="964" ID="PAG_00000084_ST000288" STYLEREFS="TXT_1" VPOS="2485" WC="1" WIDTH="136"/>
        <SP HPOS="1100" ID="PAG_00000084_SP000255" VPOS="2485" WIDTH="31"/>
        <String CONTENT="Prim" HEIGHT="34" HPOS="1131" ID="PAG_00000084_ST000289" STYLEREFS="TXT_1" VPOS="2485" WC="0.99" WIDTH="96"/>
        <SP HPOS="1227" ID="PAG_00000084_SP000256" VPOS="2485" WIDTH="60"/>
        <String CONTENT="VIII-N" HEIGHT="34" HPOS="1518" ID="PAG_00000084_ST000290" STYLEREFS="TXT_1" VPOS="2485" WC="1" WIDTH="135"/>
      </TextLine>
      <TextLine HEIGHT="47" HPOS="157" ID="PAG_00000084_TL000035" STYLEREFS="TXT_1" VPOS="2541" WIDTH="1306">
        <String CONTENT="771" HEIGHT="34" HPOS="157" ID="PAG_00000084_ST000291" STYLEREFS="TXT_1" VPOS="2541" WC="1" WIDTH="64"/>
        <SP HPOS="221" ID="PAG_00000084_SP000257" VPOS="2562" WIDTH="173"/>
        <String CONTENT="&#8212;" HEIGHT="3" HPOS="394" ID="PAG_00000084_ST000292" STYLEREFS="TXT_1" VPOS="2562" WC="0.66" WIDTH="40"/>
        <SP HPOS="434" ID="PAG_00000084_SP000258" VPOS="2542" WIDTH="54"/>
        <String CONTENT="Exécution" HEIGHT="33" HPOS="488" ID="PAG_00000084_ST000293" STYLEREFS="TXT_1" VPOS="2542" WC="1" WIDTH="185"/>
        <SP HPOS="673" ID="PAG_00000084_SP000259" VPOS="2554" WIDTH="28"/>
        <String CONTENT="sans" HEIGHT="21" HPOS="701" ID="PAG_00000084_ST000294" STYLEREFS="TXT_1" VPOS="2554" WC="1" WIDTH="80"/>
        <SP HPOS="781" ID="PAG_00000084_SP000260" VPOS="2545" WIDTH="25"/>
        <String CONTENT="jugement" HEIGHT="43" HPOS="806" ID="PAG_00000084_ST000295" STYLEREFS="TXT_1" VPOS="2545" WC="1" WIDTH="186"/>
        <SP HPOS="992" ID="PAG_00000084_SP000261" VPOS="2555" WIDTH="28"/>
        <String CONTENT="sous" HEIGHT="22" HPOS="1020" ID="PAG_00000084_ST000296" STYLEREFS="TXT_1" VPOS="2555" WC="1" WIDTH="81"/>
        <SP HPOS="1101" ID="PAG_00000084_SP000262" VPOS="2544" WIDTH="39"/>
        <String CONTENT="les" HEIGHT="32" HPOS="1140" ID="PAG_00000084_ST000297" STYLEREFS="TXT_1" VPOS="2544" WC="1" WIDTH="48"/>
        <SP HPOS="1188" ID="PAG_00000084_SP000263" VPOS="2544" WIDTH="38"/>
        <String CONTENT="rois" HEIGHT="32" HPOS="1226" ID="PAG_00000084_ST000298" STYLEREFS="TXT_1" VPOS="2544" WC="1" WIDTH="66"/>
        <SP HPOS="1292" ID="PAG_00000084_SP000264" VPOS="2546" WIDTH="37"/>
        <String CONTENT="Maures" HEIGHT="31" HPOS="1329" ID="PAG_00000084_ST000299" STYLEREFS="TXT_1" VPOS="2546" WC="1" WIDTH="134"/>
      </TextLine>
      <TextLine HEIGHT="41" HPOS="534" ID="PAG_00000084_TL000036" STYLEREFS="TXT_1" VPOS="2602" WIDTH="1173">
        <String CONTENT="de" HEIGHT="32" HPOS="534" ID="PAG_00000084_ST000300" STYLEREFS="TXT_1" VPOS="2602" WC="1" WIDTH="42"/>
        <SP HPOS="576" ID="PAG_00000084_SP000265" VPOS="2602" WIDTH="27"/>
        <String CONTENT="Grenade." HEIGHT="41" HPOS="603" ID="PAG_00000084_ST000301" STYLEREFS="TXT_1" VPOS="2602" WC="0.99" WIDTH="853"/>
        <SP HPOS="1456" ID="PAG_00000084_SP000266" VPOS="2604" WIDTH="60"/>
        <String CONTENT="Marine" HEIGHT="36" HPOS="1516" ID="PAG_00000084_ST000302" STYLEREFS="TXT_1" VPOS="2604" WC="1" WIDTH="148"/>
        <SP HPOS="1664" ID="PAG_00000084_SP000267" VPOS="2606" WIDTH="29"/>
        <String CONTENT="1" HEIGHT="33" HPOS="1693" ID="PAG_00000084_ST000303" STYLEREFS="TXT_1" VPOS="2606" WC="0.67" WIDTH="14"/>
      </TextLine>
      <TextLine HEIGHT="50" HPOS="158" ID="PAG_00000084_TL000037" STYLEREFS="TXT_1" VPOS="2659" WIDTH="1662">
        <String CONTENT="772" HEIGHT="34" HPOS="158" ID="PAG_00000084_ST000304" STYLEREFS="TXT_1" VPOS="2659" WC="1" WIDTH="67"/>
        <SP HPOS="225" ID="PAG_00000084_SP000268" VPOS="2680" WIDTH="170"/>
        <String CONTENT="&#8212;" HEIGHT="3" HPOS="395" ID="PAG_00000084_ST000305" STYLEREFS="TXT_1" VPOS="2680" WC="0.66" WIDTH="40"/>
        <SP HPOS="435" ID="PAG_00000084_SP000269" VPOS="2660" WIDTH="54"/>
        <String CONTENT="Portrait" HEIGHT="33" HPOS="489" ID="PAG_00000084_ST000306" STYLEREFS="TXT_1" VPOS="2660" WC="1" WIDTH="139"/>
        <SP HPOS="628" ID="PAG_00000084_SP000270" VPOS="2661" WIDTH="26"/>
        <String CONTENT="de" HEIGHT="32" HPOS="654" ID="PAG_00000084_ST000307" STYLEREFS="TXT_1" VPOS="2661" WC="1" WIDTH="41"/>
        <SP HPOS="695" ID="PAG_00000084_SP000271" VPOS="2662" WIDTH="29"/>
        <String CONTENT="la" HEIGHT="31" HPOS="724" ID="PAG_00000084_ST000308" STYLEREFS="TXT_1" VPOS="2662" WC="1" WIDTH="29"/>
        <SP HPOS="753" ID="PAG_00000084_SP000272" VPOS="2666" WIDTH="28"/>
        <String CONTENT="comtesse" HEIGHT="29" HPOS="781" ID="PAG_00000084_ST000309" STYLEREFS="TXT_1" VPOS="2666" WC="1" WIDTH="170"/>
        <SP HPOS="951" ID="PAG_00000084_SP000273" VPOS="2663" WIDTH="27"/>
        <String CONTENT="de" HEIGHT="31" HPOS="978" ID="PAG_00000084_ST000310" STYLEREFS="TXT_1" VPOS="2663" WC="1" WIDTH="41"/>
        <SP HPOS="1019" ID="PAG_00000084_SP000274" VPOS="2663" WIDTH="30"/>
        <String CONTENT="Barck.." HEIGHT="33" HPOS="1049" ID="PAG_00000084_ST000311" STYLEREFS="TXT_1" VPOS="2663" WC="1" WIDTH="143"/>
        <SP HPOS="1192" ID="PAG_00000084_SP000275" VPOS="2663" WIDTH="53"/>
        <String CONTENT="E." HEIGHT="34" HPOS="1245" ID="PAG_00000084_ST000312" STYLEREFS="TXT_1" VPOS="2663" WC="1" WIDTH="35"/>
        <SP HPOS="1280" ID="PAG_00000084_SP000276" VPOS="2663" WIDTH="30"/>
        <String CONTENT="F." HEIGHT="34" HPOS="1310" ID="PAG_00000084_ST000313" STYLEREFS="TXT_1" VPOS="2663" WC="1" WIDTH="34"/>
        <SP HPOS="1344" ID="PAG_00000084_SP000277" VPOS="2663" WIDTH="28"/>
        <String CONTENT="XIXe" HEIGHT="34" HPOS="1372" ID="PAG_00000084_ST000314" STYLEREFS="TXT_1" VPOS="2663" WC="0.99" WIDTH="97"/>
        <SP HPOS="1469" ID="PAG_00000084_SP000278" VPOS="2663" WIDTH="28"/>
        <String CONTENT="S." HEIGHT="35" HPOS="1497" ID="PAG_00000084_ST000315" STYLEREFS="TXT_1" VPOS="2663" WC="1" WIDTH="32"/>
        <SP HPOS="1529" ID="PAG_00000084_SP000279" VPOS="2664" WIDTH="30"/>
        <String CONTENT="1er" HEIGHT="34" HPOS="1559" ID="PAG_00000084_ST000316" STYLEREFS="TXT_1" VPOS="2664" WC="1" WIDTH="49"/>
        <SP HPOS="1608" ID="PAG_00000084_SP000280" VPOS="2664" WIDTH="36"/>
        <String CONTENT="étage" HEIGHT="45" HPOS="1644" ID="PAG_00000084_ST000317" STYLEREFS="TXT_1" VPOS="2664" WC="1" WIDTH="114"/>
        <SP HPOS="1758" ID="PAG_00000084_SP000281" VPOS="2666" WIDTH="29"/>
        <String CONTENT="II" HEIGHT="34" HPOS="1787" ID="PAG_00000084_ST000318" STYLEREFS="TXT_1" VPOS="2666" WC="1" WIDTH="33"/>
      </TextLine>
      <TextLine HEIGHT="48" HPOS="133" ID="PAG_00000084_TL000038" STYLEREFS="TXT_1" VPOS="2717" WIDTH="1574">
        <String CONTENT="S." HEIGHT="35" HPOS="133" ID="PAG_00000084_ST000319" STYLEREFS="TXT_1" VPOS="2717" WC="1" WIDTH="35"/>
        <SP HPOS="168" ID="PAG_00000084_SP000282" VPOS="2718" WIDTH="29"/>
        <String CONTENT="N°" HEIGHT="33" HPOS="197" ID="PAG_00000084_ST000320" STYLEREFS="TXT_1" VPOS="2718" WC="0.99" WIDTH="50"/>
        <SP HPOS="247" ID="PAG_00000084_SP000283" VPOS="2739" WIDTH="147"/>
        <String CONTENT="&#8212;" HEIGHT="3" HPOS="394" ID="PAG_00000084_ST000321" STYLEREFS="TXT_1" VPOS="2739" WC="0.66" WIDTH="40"/>
        <SP HPOS="434" ID="PAG_00000084_SP000284" VPOS="2719" WIDTH="53"/>
        <String CONTENT="Portrait" HEIGHT="33" HPOS="487" ID="PAG_00000084_ST000322" STYLEREFS="TXT_1" VPOS="2719" WC="1" WIDTH="139"/>
        <SP HPOS="626" ID="PAG_00000084_SP000285" VPOS="2720" WIDTH="27"/>
        <String CONTENT="de" HEIGHT="32" HPOS="653" ID="PAG_00000084_ST000323" STYLEREFS="TXT_1" VPOS="2720" WC="1" WIDTH="41"/>
        <SP HPOS="694" ID="PAG_00000084_SP000286" VPOS="2722" WIDTH="30"/>
        <String CONTENT="Mme" HEIGHT="30" HPOS="724" ID="PAG_00000084_ST000324" STYLEREFS="TXT_1" VPOS="2722" WC="1" WIDTH="81"/>
        <SP HPOS="805" ID="PAG_00000084_SP000287" VPOS="2723" WIDTH="25"/>
        <String CONTENT="A." HEIGHT="30" HPOS="830" ID="PAG_00000084_ST000325" STYLEREFS="TXT_1" VPOS="2723" WC="1" WIDTH="38"/>
        <SP HPOS="868" ID="PAG_00000084_SP000288" VPOS="2722" WIDTH="34"/>
        <String CONTENT="Fouques" HEIGHT="40" HPOS="902" ID="PAG_00000084_ST000326" STYLEREFS="TXT_1" VPOS="2722" WC="1" WIDTH="159"/>
        <SP HPOS="1061" ID="PAG_00000084_SP000289" VPOS="2723" WIDTH="28"/>
        <String CONTENT="Duparc." HEIGHT="42" HPOS="1089" ID="PAG_00000084_ST000327" STYLEREFS="TXT_1" VPOS="2723" WC="0.99" WIDTH="365"/>
        <SP HPOS="1454" ID="PAG_00000084_SP000290" VPOS="2724" WIDTH="61"/>
        <String CONTENT="Marine" HEIGHT="35" HPOS="1515" ID="PAG_00000084_ST000328" STYLEREFS="TXT_1" VPOS="2724" WC="1" WIDTH="149"/>
        <SP HPOS="1664" ID="PAG_00000084_SP000291" VPOS="2725" WIDTH="29"/>
        <String CONTENT="1" HEIGHT="34" HPOS="1693" ID="PAG_00000084_ST000329" STYLEREFS="TXT_1" VPOS="2725" WC="0.67" WIDTH="14"/>
      </TextLine>
      <TextLine HEIGHT="48" HPOS="134" ID="PAG_00000084_TL000039" STYLEREFS="TXT_1" VPOS="2782" WIDTH="1329">
        <String CONTENT="S." HEIGHT="34" HPOS="134" ID="PAG_00000084_ST000330" STYLEREFS="TXT_1" VPOS="2782" WC="1" WIDTH="34"/>
        <SP HPOS="168" ID="PAG_00000084_SP000292" VPOS="2783" WIDTH="29"/>
        <String CONTENT="N°" HEIGHT="34" HPOS="197" ID="PAG_00000084_ST000331" STYLEREFS="TXT_1" VPOS="2783" WC="0.99" WIDTH="51"/>
        <SP HPOS="248" ID="PAG_00000084_SP000293" VPOS="2784" WIDTH="100"/>
        <String CONTENT="Regnault," HEIGHT="44" HPOS="348" ID="PAG_00000084_ST000332" STYLEREFS="TXT_1" VPOS="2784" WC="1" WIDTH="202"/>
        <SP HPOS="550" ID="PAG_00000084_SP000294" VPOS="2784" WIDTH="29"/>
        <String CONTENT="Nicolas-François." HEIGHT="46" HPOS="579" ID="PAG_00000084_ST000333" STYLEREFS="TXT_1" VPOS="2784" WC="1" WIDTH="372"/>
        <SP HPOS="951" ID="PAG_00000084_SP000295" VPOS="2786" WIDTH="25"/>
        <String CONTENT="(1740?-?)" HEIGHT="44" HPOS="976" ID="PAG_00000084_ST000334" STYLEREFS="TXT_1" VPOS="2786" WC="0.90" WIDTH="194"/>
        <SP HPOS="1170" ID="PAG_00000084_SP000296" VPOS="2807" WIDTH="21"/>
        <String CONTENT="&#8212;" HEIGHT="5" HPOS="1191" ID="PAG_00000084_ST000335" STYLEREFS="TXT_1" VPOS="2807" WC="0.66" WIDTH="45"/>
        <SP HPOS="1236" ID="PAG_00000084_SP000297" VPOS="2788" WIDTH="23"/>
        <String CONTENT="Portrait" HEIGHT="33" HPOS="1259" ID="PAG_00000084_ST000336" STYLEREFS="TXT_1" VPOS="2788" WC="1" WIDTH="139"/>
        <SP HPOS="1398" ID="PAG_00000084_SP000298" VPOS="2789" WIDTH="24"/>
        <String CONTENT="de" HEIGHT="32" HPOS="1422" ID="PAG_00000084_ST000337" STYLEREFS="TXT_1" VPOS="2789" WC="1" WIDTH="41"/>
      </TextLine>
      <TextLine HEIGHT="39" HPOS="537" ID="PAG_00000084_TL000040" STYLEREFS="TXT_1" VPOS="2843" WIDTH="929">
        <String CONTENT="Gardel" HEIGHT="32" HPOS="537" ID="PAG_00000084_ST000338" STYLEREFS="TXT_1" VPOS="2844" WC="1" WIDTH="120"/>
        <SP HPOS="657" ID="PAG_00000084_SP000299" VPOS="2843" WIDTH="30"/>
        <String CONTENT="l'ainé," HEIGHT="38" HPOS="687" ID="PAG_00000084_ST000339" STYLEREFS="TXT_1" VPOS="2843" WC="1" WIDTH="115"/>
        <SP HPOS="802" ID="PAG_00000084_SP000300" VPOS="2845" WIDTH="31"/>
        <String CONTENT="maître" HEIGHT="32" HPOS="833" ID="PAG_00000084_ST000340" STYLEREFS="TXT_1" VPOS="2845" WC="1" WIDTH="120"/>
        <SP HPOS="953" ID="PAG_00000084_SP000301" VPOS="2846" WIDTH="27"/>
        <String CONTENT="des" HEIGHT="32" HPOS="980" ID="PAG_00000084_ST000341" STYLEREFS="TXT_1" VPOS="2846" WC="1" WIDTH="60"/>
        <SP HPOS="1040" ID="PAG_00000084_SP000302" VPOS="2847" WIDTH="22"/>
        <String CONTENT="ballets" HEIGHT="33" HPOS="1062" ID="PAG_00000084_ST000342" STYLEREFS="TXT_1" VPOS="2847" WC="1" WIDTH="125"/>
        <SP HPOS="1187" ID="PAG_00000084_SP000303" VPOS="2848" WIDTH="21"/>
        <String CONTENT="de" HEIGHT="31" HPOS="1208" ID="PAG_00000084_ST000343" STYLEREFS="TXT_1" VPOS="2848" WC="1" WIDTH="41"/>
        <SP HPOS="1249" ID="PAG_00000084_SP000304" VPOS="2848" WIDTH="22"/>
        <String CONTENT="la" HEIGHT="32" HPOS="1271" ID="PAG_00000084_ST000344" STYLEREFS="TXT_1" VPOS="2848" WC="1" WIDTH="30"/>
        <SP HPOS="1301" ID="PAG_00000084_SP000305" VPOS="2848" WIDTH="21"/>
        <String CONTENT="Cour" HEIGHT="33" HPOS="1322" ID="PAG_00000084_ST000345" STYLEREFS="TXT_1" VPOS="2848" WC="1" WIDTH="90"/>
        <SP HPOS="1412" ID="PAG_00000084_SP000306" VPOS="2853" WIDTH="21"/>
        <String CONTENT="et" HEIGHT="29" HPOS="1433" ID="PAG_00000084_ST000346" STYLEREFS="TXT_1" VPOS="2853" WC="1" WIDTH="33"/>
      </TextLine>
      <TextLine HEIGHT="43" HPOS="536" ID="PAG_00000084_TL000041" STYLEREFS="TXT_1" VPOS="2902" WIDTH="1286">
        <String CONTENT="de" HEIGHT="32" HPOS="536" ID="PAG_00000084_ST000347" STYLEREFS="TXT_1" VPOS="2903" WC="1" WIDTH="41"/>
        <SP HPOS="577" ID="PAG_00000084_SP000307" VPOS="2902" WIDTH="28"/>
        <String CONTENT="l'Opéra," HEIGHT="43" HPOS="605" ID="PAG_00000084_ST000348" STYLEREFS="TXT_1" VPOS="2902" WC="1" WIDTH="148"/>
        <SP HPOS="753" ID="PAG_00000084_SP000308" VPOS="2914" WIDTH="32"/>
        <String CONTENT="sous" HEIGHT="21" HPOS="785" ID="PAG_00000084_ST000349" STYLEREFS="TXT_1" VPOS="2914" WC="1" WIDTH="81"/>
        <SP HPOS="866" ID="PAG_00000084_SP000309" VPOS="2904" WIDTH="28"/>
        <String CONTENT="Louis" HEIGHT="33" HPOS="894" ID="PAG_00000084_ST000350" STYLEREFS="TXT_1" VPOS="2904" WC="1" WIDTH="102"/>
        <SP HPOS="996" ID="PAG_00000084_SP000310" VPOS="2906" WIDTH="28"/>
        <String CONTENT="XV." HEIGHT="31" HPOS="1024" ID="PAG_00000084_ST000351" STYLEREFS="TXT_1" VPOS="2906" WC="1" WIDTH="70"/>
        <SP HPOS="1094" ID="PAG_00000084_SP000311" VPOS="2907" WIDTH="32"/>
        <String CONTENT="Pastel" HEIGHT="35" HPOS="1126" ID="PAG_00000084_ST000352" STYLEREFS="TXT_1" VPOS="2907" WC="0.99" WIDTH="128"/>
        <SP HPOS="1254" ID="PAG_00000084_SP000312" VPOS="2907" WIDTH="59"/>
        <String CONTENT="S." HEIGHT="36" HPOS="1515" ID="PAG_00000084_ST000353" STYLEREFS="TXT_1" VPOS="2908" WC="1" WIDTH="33"/>
        <SP HPOS="1548" ID="PAG_00000084_SP000313" VPOS="2909" WIDTH="30"/>
        <String CONTENT="des" HEIGHT="35" HPOS="1578" ID="PAG_00000084_ST000354" STYLEREFS="TXT_1" VPOS="2909" WC="1" WIDTH="68"/>
        <SP HPOS="1646" ID="PAG_00000084_SP000314" VPOS="2909" WIDTH="24"/>
        <String CONTENT="Pastels" HEIGHT="36" HPOS="1670" ID="PAG_00000084_ST000355" STYLEREFS="TXT_1" VPOS="2909" WC="1" WIDTH="152"/>
      </TextLine>
    </TextBlock>
    </PrintSpace>
    </Page>
  </Layout>
</alto>
