2233 3464
421 330 88 45 156
702 334 145 48 PARIS,
888 335 155 42 MUSÉE
1075 336 239 43 NATIONAL
1349 351 58 28 DU
1442 338 185 42 LOUVRE

385 463 92 35 2455
603 464 118 43 Meer,
749 465 73 34 Jan
850 475 75 24 van
955 466 79 43 der,
1075 467 51 33 dit
1166 467 186 35 Vermeer
1393 468 46 35 de
1478 469 168 43 Harlem,
1685 470 36 34 le

792 525 130 34 vieux.
953 524 252 48 (1628-1691).
1238 548 41 2 —
1309 528 119 33 Entrée
1454 528 176 46 d'auberge
1776 531 118 34 XXIII

385 583 92 35 2457
602 584 140 43 Metsu,
772 584 165 36 Gabriel.
968 584 106 47 (1629
1101 597 45 22 ou
1179 586 235 48 1630-1667).
1443 608 46 4 —
1516 590 43 32 La
1595 589 128 33 femme

792 646 192 38 adultère
1772 650 93 34 XXV

384 702 93 36 2458
651 724 40 3 —
746 705 42 32 Le
816 705 139 32 marché
982 716 66 22 aux
1076 707 122 32 herbes
1225 706 246 37 d'Amsterdam
1775 709 113 35 XXIV

384 762 92 35 2459
646 784 46 3 —
744 764 53 33 Un
829 764 160 34 militaire
1017 765 62 34 fait
1107 766 102 33 servir
1236 767 61 32 des
1337 767 332 35 rafraîchissements
1704 773 17 28 à

793 835 67 21 une
884 826 107 44 jeune
1019 826 108 36 dame
1774 829 117 34 XXIV

383 882 93 36 2460
648 903 41 3 —
744 885 42 31 La
815 885 98 43 leçon
942 886 41 31 de
1012 885 512 42 musique.,
1774 889 113 34 XXVI

383 942 90 36 2461
646 963 46 4 —
745 944 41 32 Le
814 944 902 38 chimiste.
1774 949 114 34 XXIV

383 1002 93 35 2462
649 1023 41 3 —
745 1004 74 32 Une
848 1004 128 33 femme
1014 1005 217 33 hollandaise
1266 1006 118 42 assise,
1420 1011 122 29 tenant
1580 1019 44 21 un
1662 1013 59 38 pot

791 1064 42 32 de
860 1064 91 33 bière
979 1069 33 29 et
1040 1076 45 21 un
1114 1076 124 26 verre
1774 1068 119 34 XXIII

382 1122 92 35 2463
647 1143 45 4 —
744 1124 75 32 Une
867 1124 183 33 cuisinière
1087 1125 216 33 hollandaise
1342 1137 44 22 ou
1429 1127 30 31 la
1502 1128 138 42 peleuse
1678 1128 42 32 de

790 1195 165 32 pommes
1774 1187 118 34 XXIII

382 1241 93 36 2464
648 1264 41 2 —
744 1243 142 34 Portrait
926 1244 160 43 présumé
1125 1246 42 32 de
1206 1245 172 33 Corneille
1417 1246 142 43 Tromp,
1600 1247 118 32 amiral

790 1304 925 36 hollandais.
1773 1307 118 34 XXIII

382 1362 93 35 2464
500 1375 20 21 a
651 1384 35 3 —
738 1364 127 33 Nature
895 1368 817 32 morte.
1770 1366 131 34 XXVII

382 1422 92 35 2465
599 1423 219 43 Mierevelt,
849 1423 145 35 Michel
1020 1424 118 34 Jansz
1165 1434 89 25 van.
1284 1423 252 46 (1567-1641).
1571 1445 46 4 —
1645 1427 75 32 Por-

788 1495 79 33 trait
905 1496 42 32 de
979 1497 62 40 Jan
1079 1507 66 21 van
1182 1497 317 41 Oldenbarneveld,
1538 1497 180 33 conseiller

789 1555 244 43 pensionnaire
1060 1556 42 32 de
1131 1557 583 33 Hollande.
1772 1557 119 34 XXIII

381 1614 32 32 S.
443 1615 45 32 N°
644 1635 41 2 —
739 1615 142 33 Portrait
908 1615 160 43 présumé
1096 1615 213 34 d'Elisabeth
1337 1617 127 40 Stuart,
1495 1616 69 32 fille
1592 1618 41 31 de
1650 1618 71 40 Jac-

788 1686 87 31 ques
903 1676 42 31 Ier
971 1675 248 45 d'Angleterre,
1250 1675 90 33 reine
1368 1676 41 32 de
1438 1676 160 33 Bohême.
1643 1675 75 46 (At-

787 1734 863 46 tribué).
1710 1735 90 35 Coll.
1830 1734 243 46 Schlichting

373 1793 93 36 2470
591 1794 146 44 Mieris,
767 1795 118 34 Frans
912 1805 87 32 van,
1027 1795 36 34 le
1090 1795 129 34 vieux.
1246 1794 241 46 (1635-1681).
1514 1816 40 3 —
1579 1797 138 30 Femme

788 1858 17 29 à
834 1866 35 21 sa
897 1855 146 42 toilette,
1074 1854 107 33 servie
1209 1866 58 32 par
1295 1866 67 21 une
1390 1854 168 45 négresse
1767 1855 115 34 XXVI

379 1913 87 35 2471
644 1935 41 2 —
740 1915 41 32 Le
808 1914 88 34 thé
1768 1914 132 34 XXVII

378 1973 93 35 2472
643 1994 41 3 —
739 1975 74 32 Une
842 1974 131 32 famille
1001 1975 193 33 flamande
1769 1974 112 34 XXVI

379 2045 92 35 2473
596 2045 146 43 Mieris,
770 2046 157 34 Willem
954 2055 86 25 van
1071 2046 258 45 ()662-)747).
1329 2046 60 45 —
1421 2047 60 31 Les
1520 2047 114 31 bulles
1675 2047 41 31 de

786 2116 131 23 savon
1764 2104 112 35 XXIV

378 2164 93 35 2474
644 2185 40 3 —
740 2166 41 31 Le
809 2165 188 33 marchand
1025 2166 42 31 de
1095 2165 143 44 gibier
1768 2164 113 34 XXIV

378 2224 92 35 2413
595 2224 212 43 Molenaer,
834 2225 73 34 Jan
937 2223 164 36 Miense.
1133 2224 88 43 (vers
1254 2223 221 46 1605-1668).
1505 2244 38 3 —
1568 2225 146 32 Homme

785 2285 185 32 accordant
998 2296 61 21 son
1081 2284 90 33 luth.
1203 2283 185 45 (Attribué;
1412 2283 164 34 autrefois
1597 2283 116 34 donné

784 2347 17 29 à
829 2344 124 32 Gerard
980 2355 66 21 van
1077 2342 206 45 Honthorst)
1765 2343 60 33 XX

377 2415 92 35 2478
588 2415 121 42 Moro,
739 2415 93 42 Mor,
860 2426 45 22 ou
933 2415 110 34 Moor
1068 2424 75 25 van
1172 2415 200 41 Dashorst,
1400 2414 193 44 Anthony.
1622 2414 91 42 (vers

787 2485 100 32 1512,
936 2474 224 45 1519-1570).
1202 2494 45 4 —
1275 2474 140 33 Portrait
1441 2473 83 33 d'un
1553 2473 160 44 seigneur

784 2535 42 31 de
854 2535 31 31 la
914 2534 89 33 suite
1030 2535 46 31 du
1105 2533 149 33 cardinal
1284 2533 420 32 Granvelle.
1763 2531 113 34 XXXI

377 2593 92 35 2479
639 2613 46 5 -
738 2594 41 32 Le
807 2593 81 33 nain
916 2594 47 32 du
991 2593 158 33 Cardinal
1185 2593 180 32 Granvelle
1402 2596 120 29 tenant
1561 2603 44 21 un
1634 2602 78 33 gros

783 2653 131 33 chien
1761 2649 115 34 XXXI

376 2723 90 35 2481
497 2725 17 31 b
591 2724 204 42 Mostaert,
835 2724 84 42 Jan,
962 2724 51 33 dit
1052 2724 36 34 le
1130 2722 141 35 Maître
1313 2722 282 35 d'Oultremont
1622 2726 88 40 (vers

786 2793 195 34 1470-1555
1011 2794 45 22 ou
1089 2786 115 39 1550).
1243 2802 40 3 —
1322 2781 140 33 Portrait
1501 2782 41 31 de
1574 2781 136 40 Johann

785 2854 65 21 van
877 2843 204 32 Wassenaer
1760 2839 111 33 XXXI
