2239 3467
563 337 144 52 PARIS,
746 336 155 43 MUSÉE
934 336 237 43 NATIONAL
1206 349 58 29 DU
1299 335 185 43 LOUVRE
1757 331 51 44 71

190 469 95 45 119)
402 469 161 45 Troyon,
593 469 196 34 Constant.
820 467 243 46 (1810-1865).
1096 488 40 3 —
1166 467 50 33 En
1243 475 100 25 route
1371 477 87 33 pour
1485 465 30 33 le

590 516 707 33 marché.,.
1354 513 89 35 Coll.
1474 513 228 35 Chauchard
1725 512 147 45 galerie

190 576 23 38 i
213 576 72 38 120)
449 596 45 4 —
545 576 46 34 Le
618 577 163 43 pâturage
807 577 19 31 à
852 575 31 33 la
909 575 169 45 gardeuse
1105 574 110 33 d'oies
1662 592 42 4 —
1858 571 15 34 1

190 635 95 38 (121)
451 656 41 3 —
547 635 45 33 Le
619 643 118 25 retour
762 636 19 31 à
808 634 30 34 la
866 634 646 33 ferme.
1666 652 41 3 —
1825 631 48 34 IV

190 694 94 38 (122)
451 715 41 3 —
546 694 45 34 Le
617 694 243 45 garde-chasse
886 694 109 33 arrêté
1023 695 76 43 près
1125 693 43 33 de
1195 704 54 22 ses
1275 693 233 32 chiens.,
1664 712 41 3 —
1858 691 14 33 1

189 753 96 41 (123)
449 774 42 4 —
545 754 45 33 Le
616 753 242 46 garde-chasse
884 753 214 33 conduisant
1123 763 48 22 un
1199 750 157 45 relais
1647 750 44 45 -
1691 750 182 45 galerie

190 813 95 41 (124)
449 834 45 4 —
546 813 45 33 Le
619 822 115 25 retour
760 813 46 33 du
834 812 679 34 marché.
1669 810 40 45 -
1709 810 164 45 galerie

189 872 95 46 (125)
451 893 41 4 —
545 873 64 34 Les
637 872 115 34 bœufs
778 872 105 33 allant
909 883 43 22 au
980 872 121 33 labour
1130 899 379 5 .,
1663 890 42 3 —
1859 870 15 33 1

190 932 94 44 (126)
452 953 32 3 —
546 933 45 33 La
618 932 107 34 vache
753 942 121 23 rousse
902 932 314 32 broutant.,..,.,
1216 932 298 32 ,.,.
1667 951 40 2 —
1826 929 48 34 IV

189 991 95 44 (127)
450 1012 43 4 -
545 992 45 33 La
618 992 107 33 vache
754 991 145 34 blanche
926 1002 43 22 au
997 992 516 44 pâturage.,.
1666 1009 41 4 —
1826 989 48 34 IV

189 1050 95 46 (128)
451 1072 40 3 -
542 1051 48 34 La
618 1063 94 22 mare
738 1063 67 21 aux
831 1050 680 34 canards.
1663 1069 42 3 —
1859 1049 14 34 1

190 1111 94 35 129)
451 1132 40 3 —
545 1111 45 34 Le
617 1112 177 44 pâturage,
821 1110 63 34 ciel
912 1109 187 46 nuageux
1684 1109 189 46 galerie

189 1170 95 39 1130)
450 1190 44 5 -
546 1171 179 45 Pâturage.
780 1169 119 34 Vallée
926 1169 42 33 de
995 1169 30 33 la
1052 1168 238 46 Toucques
1660 1168 213 46 galerie

188 1229 22 42 (
210 1229 44 42 131
254 1229 33 42 )
452 1251 42 3 —
546 1230 137 34 Vaches
709 1241 43 22 au
778 1240 733 34 repos.,.,.
1666 1248 40 3 —
1840 1228 33 34 II

190 1288 94 37 il32)
450 1310 42 4 —
545 1289 45 34 La
617 1289 108 34 vache
753 1289 146 34 blanche
925 1288 58 46 qui
1011 1299 36 22 se
1073 1288 175 45 gratte
1673 1288 200 45 galerie

190 1349 80 35 (133
451 1369 41 4 —
545 1349 46 33 Le
618 1360 142 34 passage
787 1349 45 33 du
854 1348 655 45 gué.
1509 1348 72 45 -
1581 1348 292 45 galerie

309 2158 96 45 (122)
670 2161 134 33 TROYON

1014 2079 68 25 ciio
1532 2071 57 31 H.
1589 2071 136 31 VERNET

213 2217 68 35 890
306 2229 21 21 a
400 2218 150 43 Trutat,
580 2219 112 35 Félix.
716 2220 256 45 (1824-1848).
998 2243 40 3 —
1064 2223 147 34 Femme
1232 2236 82 21 nue.
1350 2224 35 34 E.
1409 2224 34 34 F.
1465 2224 96 34 XIXe
1587 2224 32 35 S.
1643 2225 35 33 2e
1701 2224 115 45 étage
1839 2225 34 34 II

214 2275 67 35 892
402 2277 294 45 Valenciennes,
727 2280 272 36 Pierre-Henri
1023 2283 253 44 (1750-1819).
1300 2304 44 3 —
1366 2283 149 34 Cicéron

592 2327 94 33 étant
712 2337 164 35 questeur
901 2341 43 21 en
972 2328 113 43 Sicile,
1107 2330 175 34 découvre
1300 2330 31 33 le
1351 2331 166 33 tombeau

592 2373 668 38 d'Archimède.,.
1318 2379 37 34 E.
1386 2379 36 33 F.
1451 2379 99 33 XIXe
1578 2379 32 35 S.
1640 2380 51 33 1er
1717 2381 114 44 étage
1860 2381 14 33 1

403 2432 188 43 Valentin,
620 2433 60 35 Le.
732 2434 85 34 Voir
845 2436 237 44 Boulongne,
1109 2437 98 34 Jean
1235 2437 57 35 de.

215 2490 67 34 893
404 2491 318 45 Vallayer-Coster,
722 2491 132 45 Mille
881 2495 97 44 Anne
978 2495 274 44 (1744-1818).
1277 2517 41 3 —
1343 2497 64 33 Les
1426 2498 92 32 attri-

593 2540 76 34 buts
696 2541 42 33 de
766 2542 28 32 la
823 2542 157 45 peinture
1000 2551 33 25 et
1053 2543 43 33 de
1117 2543 30 33 la
1168 2544 185 44 sculpture.
1399 2545 64 33 IVe
1485 2544 32 35 S.
1541 2546 177 35 Meubles
1739 2548 137 33 XVIIIe

215 2584 68 35 894
450 2606 45 5 —
546 2586 66 34 Les
637 2589 158 34 attributs
821 2590 42 33 de
890 2590 30 33 la
947 2590 567 45 musique.,.
1665 2614 42 4 -

215 2644 67 34 895
405 2645 80 34 Van
513 2646 86 42 Loo,
627 2647 305 45 Jean-Baptiste.
969 2649 32 45 (
1001 2649 211 45 1684-1745).
1250 2651 38 34 -
1288 2651 229 34 Institution

595 2694 42 33 de
673 2695 138 34 l'Ordre
850 2696 45 33 du
937 2696 234 45 Saint-Esprit
1209 2708 58 34 par
1307 2698 110 34 Henri
1457 2700 59 41 III,

598 2742 86 33 dans
711 2742 128 45 l'église
866 2744 46 32 du
939 2752 153 26 couvent
1126 2744 60 34 des
1223 2744 295 48 Grands-Augus-

595 2789 68 33 tins
689 2791 18 31 à
735 2790 107 42 Paris,
871 2791 30 33 le
932 2801 33 32 31
999 2791 185 34 décembre
1216 2794 49 43 i)
1265 2794 247 43 78.
1567 2796 124 34 XVI-S

217 2844 67 35 896
452 2867 44 4 —
549 2848 111 33 Diane
688 2857 32 24 et
748 2849 398 45 Endymion
1191 2851 35 34 S.
1257 2852 68 35 des
1353 2854 49 34 La
1429 2855 102 34 Tour
1559 2855 46 35 de
1634 2855 241 43 St.-Quentin
