2275 3461
534 337 143 51 PARIS,
715 336 155 43 MUSÉE
902 337 237 41 NATIONAL
1174 348 58 29 DU
1267 335 181 42 LOUVRE
1697 330 87 44 145

157 467 90 34 2195
368 465 187 45 Weyden,
584 466 127 43 Roger
738 466 51 34 De
818 465 48 34 Le
890 465 165 34 Pasture
1077 464 50 33 dit
1150 464 141 44 Rogier
1309 473 75 24 van
1407 463 79 34 der.

559 525 105 45 (139g
692 536 44 21 ou
770 523 221 43 1400-1464).
1013 544 40 3 —
1073 524 214 43 Triptyque;
1312 524 41 31 Le
1374 522 114 33 Christ

559 584 231 43 Rédempteur
828 589 93 27 entre
966 584 29 32 la
1035 583 120 44 Vierge
1199 587 32 29 et
1270 582 90 33 saint
1391 583 99 40 Jean-

560 643 257 45 l'Evangéliste,
864 643 90 32 saint
1002 642 252 43 Jean-Baptiste
1299 646 32 29 et
1379 641 109 32 sainte

561 702 324 33 Marie-Madeleine.
949 722 35 3 —
1036 703 101 31 Revers
1137 703 44 31 :
1224 702 75 32 Une
1338 702 67 32 tête
1444 701 42 32 de

561 766 86 29 mort
675 766 32 28 et
736 773 67 21 une
830 761 651 33 croix.,.,.,.,.
1537 759 113 33 XXIX

392 1023 331 43 INCONNUS
770 1023 80 42 DE
898 1011 258 54 L'ÉCOLE
1205 1022 376 42 FLAMANDE.

157 1155 91 35 2198
371 1149 111 40 École
510 1154 51 35 du
589 1154 181 42 Brabant,
792 1154 108 33 XVme
922 1152 130 36 siècle.
1077 1174 41 3 —
1139 1153 244 33 L'instruction
1406 1164 77 32 pas-

560 1215 104 32 torale
1539 1212 114 35 XXIX

157 1273 92 35 2200
371 1267 111 41 École
512 1273 45 35 de
587 1273 181 42 Louvain,
796 1274 109 33 XVIIIe
932 1273 131 34 siècle.
1094 1293 42 3 —
1167 1274 40 31 Le
1234 1272 107 34 Christ
1536 1273 114 33 XXIX

157 1333 89 35 2201
418 1352 42 4 —
514 1334 41 31 La
584 1334 88 31 mère
699 1334 42 31 de
767 1333 718 33 douleur.
1541 1333 114 33 XXIX

231 1850 86 35 2195
1204 1842 121 31 ROGER
1325 1842 60 31 DE
1385 1842 60 31 LE
1445 1842 164 31 PASTURE

160 1934 32 36 S.
220 1934 51 35 N°
370 1930 112 40 École
500 1936 45 34 de
564 1936 180 42 Louvain,
762 1936 107 34 XVme
886 1935 130 36 siècle.
1034 1936 94 33 —La
1143 1936 105 33 chute
1275 1936 60 32 des
1357 1935 119 43 réprou

563 1996 69 32 vés.
654 1995 279 45 (Probablement
958 2007 57 32 par
1031 1996 80 33 Dirk
1130 1997 104 32 Bouts
1262 1996 29 32 le
1318 1994 114 46 vieux)
1538 1994 113 34 XXIX

185 2053 66 35 997
279 2055 18 32 b
372 2049 110 41 École
521 2055 358 43 franco-flamande,
919 2067 74 21 vers
1039 2055 97 43 1460.
1179 2076 41 3 —
1268 2055 141 33 Portrait
1447 2055 41 32 de

565 2115 315 43 Philippe-le-Bon,
909 2116 68 32 duc
1003 2116 42 32 de
1071 2117 414 43 Bourgogne,.,.
1540 2114 94 34 XXX

186 2173 66 35 998
280 2174 22 32 d
377 2166 111 42 École
517 2174 46 35 de
592 2174 114 43 Gand,
733 2185 92 25 vers
854 2175 101 34 1490.
985 2195 40 4 —
1056 2177 42 30 La
1126 2175 121 45 Vierge
1274 2179 33 29 et
1340 2174 152 33 l'Enfant

565 2238 92 29 entre
684 2235 88 32 deux
797 2235 688 33 donateurs.,.,.,
1540 2233 113 33 XXIX

163 2291 91 34 2202
281 2292 18 32 b
375 2286 113 41 École
515 2293 203 43 flamande,
745 2294 50 34 fin
824 2294 51 34 du
902 2295 107 33 XVme
1036 2294 146 34 siècle.
1196 2314 41 3 —
1273 2293 141 33 Portrait
1449 2294 42 31 de

566 2352 339 44 Philippe-le-Beau,
935 2353 164 33 archiduc
1126 2353 213 41 d'Autriche,
1369 2352 45 33 roi
1449 2353 42 32 de

564 2412 140 33 Castille
731 2424 82 22 sous
839 2414 30 31 le
897 2424 81 22 nom
1006 2413 42 32 de
1076 2412 156 43 Philippe
1261 2413 225 32 fer.,.,.,..
1541 2411 93 33 XXX

163 2469 91 35 2202
280 2482 16 20 c
376 2465 112 40 École
517 2471 50 34 du
596 2471 182 43 Brabant,
805 2472 52 34 fin
886 2472 50 34 du
972 2472 107 33 XVrne
1118 2470 132 36 siècle.
1292 2491 45 4 —
1374 2471 116 33 Sainte

564 2542 44 22 ou
636 2531 175 33 donatrice
838 2532 116 32 lisant.
996 2532 112 44 (Volet
1134 2531 42 32 de
1202 2529 206 46 triptyque).
1447 2550 45 4 —

565 2593 50 29 Au
644 2601 126 22 revers:
799 2591 116 33 Sainte
942 2591 87 32 dans
1058 2602 66 21 une
1146 2590 101 32 niche
1287 2588 198 47 (Grisaille).
1538 2590 114 33 XXIX

165 2795 91 36 2030
378 2790 112 42 École
519 2796 195 43 d'Anvers,
741 2801 338 31 commencement
1106 2797 50 35 du
1195 2798 126 33 XVIme
1357 2798 131 35 siècle.

570 2877 40 3 —
639 2857 41 32 Le
707 2855 114 35 Christ
847 2857 637 33 bénissant.,.
1540 2859 113 33 XXIX
