2257 3461
534 346 142 51 PARIS,
713 345 155 42 MUSÉE
900 345 236 42 NATIONAL
1172 357 58 29 DU
1263 344 184 41 LOUVRE
1727 340 50 45 81

155 478 32 33 S.
216 478 49 32 N"
364 470 112 41 École
504 474 194 46 française
727 484 49 25 ou
811 474 193 34 flamande
1048 473 171 35 seconde
1259 472 134 36 moitié
1436 473 50 34 du

557 534 125 34 XVIIilC
711 534 131 34 siècle.
872 554 41 2 —
943 533 270 34 Gentilhomme
1254 533 42 33 de
1324 533 30 32 la
1390 532 97 33 Cour

558 594 41 33 de
623 593 128 33 France
766 604 83 22 sous
864 592 145 34 Charles
1028 592 58 43 IX,
1105 603 79 22 vers
1206 601 86 35 1570
1310 591 176 46 (présumé

560 653 29 33 le
616 653 65 32 duc
709 651 212 43 d'Alençon\
1486 650 92 36 Coll.
1603 651 244 45 Schlichting

156 715 33 33 S.
220 715 49 32 N"
423 734 39 2 —
517 713 147 33 Portrait
690 712 83 33 d'un
814 711 274 45 gentilhomme,
1123 722 44 23 en
1208 712 111 42 buste,
1361 712 126 32 tourné

558 774 18 31 à
602 771 133 46 gauche
1633 791 45 3 —

159 832 70 41 (12)
371 832 66 34 Fin
465 832 50 34 du
541 831 126 34 XVIme
695 829 131 36 siècle.
856 851 40 2 —
934 830 149 33 Portrait
1109 830 42 33 de
1186 830 106 34 Louis
1313 830 42 33 de
1378 829 112 34 Saint-

559 890 130 42 Gelais,
751 890 49 33 dit
850 890 43 33 de
945 889 188 45 Lezignem
1212 889 168 46 (réplique
1441 890 47 33 du

561 950 50 34 N°
650 949 645 46 134).
1353 949 123 35 Coll.
1476 949 372 35 Arconati-Visconti

161 1010 70 46 (13)
422 1031 39 2 —
516 1009 147 34 Portrait
690 1009 42 34 de
765 1008 142 35 Nicolas
947 1009 43 33 de
1028 1008 176 43 Neuville,
1246 1009 162 45 seigneur
1447 1009 42 33 de

561 1069 157 45 Villeroy
748 1068 168 46 (réplique
943 1068 46 33 du
1017 1068 52 34 No
1100 1067 143 46 1025)
1637 1089 40 2 —

161 1130 70 44 (14)
422 1150 40 3 —
515 1129 148 33 Portrait
689 1129 43 32 de
774 1127 146 35 Charles
959 1127 60 43 IX,
1061 1128 51 33 roi
1152 1128 42 33 de
1232 1128 128 33 France
1402 1128 89 45 (voir

562 1188 29 33 le
618 1188 50 34 NI
701 1187 85 46 132)
1638 1208 40 3 —

159 1248 13 15 *
375 1248 145 34 XVIIlIle
549 1247 131 36 siècle.
707 1268 45 3 —
792 1247 149 34 Portrait
968 1247 141 33 d'Anne
1139 1246 218 43 d'Autriche,
1386 1247 105 34 assise

562 1308 86 33 dans
674 1319 47 21 un
750 1318 573 34 paysage.
1356 1307 44 34 Ire
1429 1306 32 35 S.
1486 1307 45 34 de
1559 1307 38 34 la
1625 1306 221 35 Colonnade

158 1366 14 16 *
424 1388 38 2 —
518 1366 147 34 Plafond
693 1378 65 22 aux
786 1378 114 22 armes
927 1366 142 34 d'Anne
1102 1366 219 42 d'Autriche,
1360 1377 128 35 prove-

563 1435 83 24 nant
674 1427 45 32 du
747 1426 144 33 château
919 1426 42 33 de
989 1426 214 33 Vincennes.
1258 1425 138 35 Plafond
1637 1446 45 4 —

161 1485 90 35 1040
373 1486 163 34 XVIIIIII,
564 1485 134 36 siècle.
723 1506 41 3 —
788 1486 148 33 Portrait
957 1486 42 33 de
1020 1485 146 42 femme,
1190 1485 49 34 les
1266 1486 77 33 bras
1364 1486 129 33 croisés

564 1557 57 21 sur
648 1557 68 21 une
745 1545 207 42 balustrade,
982 1553 111 26 terant
1120 1557 48 21 un
1196 1545 294 33 livre.
1546 1545 131 34 XVI-N

161 1604 34 33 S.
225 1605 49 33 N"
423 1626 39 2 —
517 1605 146 33 Portrait
701 1606 42 32 de
771 1604 133 34 femme
932 1605 143 42 debout,
1105 1605 29 33 le
1163 1606 75 32 bras
1265 1605 135 45 gauche
1437 1616 56 22 sur

564 1676 68 21 une
666 1664 823 34 table.
1546 1664 126 35 XVI-E

161 1724 34 34 S.
224 1724 50 33 N"
427 1745 40 2 —
523 1724 145 33 Portrait
722 1724 42 33 de
810 1724 182 42 Perronet,
1039 1726 17 31 à
1102 1724 86 45 l'âge
1234 1725 42 32 de
1322 1735 45 33 40
1420 1736 72 22 ans.

566 1783 721 36 Pastel.
1344 1784 71 34 Ille
1443 1784 34 34 S.
1510 1783 177 35 Meubles
1714 1783 138 34 XVIIIe

163 1843 34 32 S.
226 1843 50 32 N"
428 1864 42 2 —
524 1843 146 33 Portrait
698 1844 161 44 présumé
888 1844 42 32 de
958 1843 163 33 Madame
1162 1843 140 42 Louise,
1344 1843 69 34 fille
1452 1844 43 33 de

567 1902 105 34 Louis
711 1903 78 42 XV,
836 1903 144 33 abbesse
1019 1904 61 32 des
1120 1903 207 33 Carmélites
1364 1904 42 32 de
1442 1903 48 33 St.

569 1962 119 33 Denis.
744 1962 736 34 Pastel.
1538 1962 31 35 S.
1600 1963 69 34 des
1699 1963 154 34 Pastels

165 2020 33 33 S.
229 2021 48 33 N"
434 2042 36 2 ---
526 2021 45 33 Le
600 2021 135 45 Régent
762 2033 43 22 en
837 2022 151 33 Bacchus
1015 2033 47 23 ou
1089 2034 43 22 en
1160 2022 111 34 Silène
1488 2023 90 34 Coll.
1608 2022 246 45 Schlichting
