2216 3452
395 345 89 45 "138
753 350 144 52 PARIS,
934 351 159 43 MUSÉE
1125 353 238 43 NATIONAL
1398 367 59 30 DU
1491 355 183 42 LOUVRE

359 478 92 35 2052
577 480 137 43 Millet,
744 481 131 42 Frans,
904 480 48 34 dit
981 481 248 44 Francisque.
1261 482 36 47 1
1297 482 110 47 1642-
1407 482 36 47 1
1443 482 110 47 679).
1553 482 36 47 -
1589 482 115 47 Scène

770 540 194 45 pastorale..
964 540 32 45 ,
996 540 32 45 ,
1076 540 32 45 ,
1140 540 32 45 ,
1269 540 64 45 o.,
1446 540 32 45 ,
1510 540 32 45 ,
1752 546 145 34 XXXIV

359 598 93 36 2054
576 600 89 42 Mol,
696 600 142 35 Peeter
864 610 75 25 van
971 600 247 46 (1599-1650).
1251 623 40 3 —
1322 602 64 35 Les
1413 605 136 43 apprêts
1588 604 43 34 de
1671 604 30 34 la

768 660 90 34 mise
885 672 43 22 au
956 661 433 39 tombeau
1389 661 162 39 VI
1551 661 216 39 tr.
1767 661 218 39 E-N

359 718 92 35 2055
624 740 41 3 —
720 720 47 33 Le
794 720 104 46 jeune
925 721 150 33 homme
1102 720 102 35 coiffé
1232 721 105 34 d'une
1371 723 327 33 mitre.,
1755 725 126 34 XXXV

360 778 91 35 2206
481 780 17 32 b
575 780 176 44 Momper
776 781 36 34 le
839 781 128 44 jeune,
995 781 169 35 Jodocus
1187 782 52 35 ou
1239 782 105 35 Joos
1374 783 45 34 de
1456 783 243 46 11561-1635).

765 861 46 4 —
837 841 158 45 Paysage
1023 850 242 37 montagneux
1752 845 94 33 XXX

359 898 92 35 2299
575 899 348 45 Monogrammiste
946 901 51 34 du
1017 900 135 36 musée
1175 901 46 35 de
1244 902 242 43 Brunswick,
1501 903 204 44 probable-

767 964 109 31 ment
913 961 73 34 Jan
1029 960 169 36 Sanders
1231 971 75 25 van
1352 962 216 35 Hemessen
1613 964 90 44 (vers

775 1030 207 33 1504-entre
1029 1031 82 33 1555
1154 1030 33 25 et
1234 1021 113 42 15661.
1390 1043 39 2 —
1473 1022 47 34 La
1561 1024 142 33 montée

768 1092 43 21 au
838 1080 856 36 calvaire.
1750 1083 112 34 XXXI

360 1138 93 36 2300
626 1161 41 3 —
721 1140 47 34 Le
795 1140 160 34 Sacrifice
982 1140 714 35 d'Abraham.,..,,,.
1752 1143 112 34 XXXI

360 1199 92 35 2063
578 1200 143 43 Neeffs,
746 1201 140 42 Peeter,
886 1201 70 42 dit
956 1201 52 42 le
1008 1201 143 42 vieux.
1183 1212 89 25 (vers
1298 1201 187 45 1578-1650
1485 1201 75 45 ou
1586 1202 115 43 1656).

776 1281 35 3 —
841 1261 171 33 Intérieur
1039 1261 155 45 d'église.
1249 1262 113 45 Après
1383 1261 135 34 l'office.
1541 1262 161 46 (Figures

769 1322 188 33 attribuées
984 1323 18 31 à
1030 1322 44 33 D.
1104 1320 161 38 Teniers)
1754 1323 150 35 XXXIV

360 1380 49 34 S.
409 1380 67 34 No
625 1402 42 3 —
721 1382 172 33 Intérieur
919 1381 445 45 d'église
1364 1381 297 45 Coll.
1661 1381 348 45 Thiers

360 1439 92 36 2067
577 1441 102 43 Oost,
707 1441 171 45 Jacques
905 1451 88 33 van,
1020 1442 36 34 le
1083 1441 128 35 vieux.
1242 1440 253 46 (1601-1671).
1534 1461 46 4 —
1606 1441 96 34 Saint

769 1502 143 33 Charles
942 1501 181 33 Borromée
1151 1501 246 33 communiant
1437 1502 49 31 les
1525 1501 177 43 pestiférés

768 1565 16 29 à
814 1561 106 33 Milan
950 1572 42 22 en
1028 1561 102 45 1
1130 1561 205 45 576
1752 1561 81 38 XIX

361 1619 92 36 2067
479 1632 21 21 a
576 1620 126 46 Orley,
723 1621 173 35 Bernard
914 1621 42 42 d',
978 1621 50 33 dit
1052 1621 152 34 Barend
1225 1630 75 25 van
1323 1620 125 45 Orley.
1481 1620 92 46 (vers
1600 1630 102 32 149:;-

776 1680 24 46 i
800 1680 88 46 S42).
919 1701 41 3 —
989 1681 117 32 Sainte
1130 1680 565 33 Famille.,.
1751 1680 94 33 XXX

385 1739 69 35 544
578 1740 187 44 Pourbus,
795 1741 131 42 Frans,
955 1741 48 33 dit
1030 1741 36 34 le
1093 1740 128 44 jeune.
1252 1739 105 47 (1=169
1385 1751 44 21 ou
1472 1750 33 32 15
1514 1738 185 46 70-1622).

770 1821 41 3 —
841 1801 115 33 Pierre
994 1800 144 43 Camus,
1176 1801 133 44 évêque
1342 1800 42 33 de
1422 1799 130 46 Belley,
1591 1810 109 23 mon-

769 1869 73 25 tant
869 1862 18 31 à
915 1860 115 34 l'autel
1060 1859 368 48 (Autrefois-attribué
1456 1861 18 31 à
1502 1859 46 34 Le
1569 1858 123 47 Nain).
1746 1859 67 34 XII

360 1919 93 36 2068
624 1941 44 3 —
720 1922 42 31 La
790 1911 368 44 Cène
1158 1911 220 44 VI
1378 1911 294 44 tr.
1672 1911 296 44 E-S

360 1979 93 36 2069
624 2001 41 3 —
718 1980 97 34 Saint
843 1980 160 44 François
1029 1980 151 33 d'Assise
1208 1984 158 28 recevant
1393 1980 48 32 les
1469 1979 222 45 stigmates..
1749 1978 47 35 VI
1823 1982 50 31 tr.
1903 1978 74 34 E-N

361 2039 92 35 2070
626 2061 40 2 —
721 2040 141 33 Portrait
889 2040 139 33 d'Henri
1060 2041 52 40 IV,
1144 2040 44 32 roi
1218 2040 41 32 de
1288 2041 137 34 France,
1456 2050 40 21 en
1525 2050 116 23 armure
1750 2038 67 34 XII

361 2099 90 35 2071
626 2120 41 3 —
722 2100 141 33 Portrait
890 2099 139 33 d'Henri
1061 2100 52 34 IV,
1145 2099 45 33 roi
1219 2099 41 32 de
1291 2100 404 31 France.,.,.
1751 2097 67 34 XII

361 2158 93 36 2072
624 2180 45 3 —
722 2159 141 33 Portrait
890 2160 42 32 de
960 2159 103 32 Marie
1091 2159 41 32 de
1160 2158 155 41 Médicis,
1347 2158 90 32 reine
1465 2158 41 32 de
1529 2159 164 32 France..
1751 2156 67 34 XII

361 2218 94 35 2074
627 2240 40 2 —
722 2219 142 34 Portrait
891 2219 41 33 de
960 2218 201 33 Guillaume
1188 2218 46 32 du
1257 2217 89 41 Vair,
1369 2218 102 44 garde
1492 2217 60 32 des
1575 2227 122 22 sceaux

769 2279 41 33 de
840 2280 137 39 France,
1008 2289 82 22 sous
1118 2277 102 33 Louis
1244 2278 449 32 XIII.
1750 2275 66 34 XII

361 2338 33 34 S.
421 2338 52 33 N°
623 2359 40 3 —
718 2339 140 32 Portrait
886 2339 41 32 de
956 2337 101 33 Henri
1088 2338 52 31 IV.
1182 2337 113 45 (Ecole
1322 2335 74 44 de).
1455 2336 83 33 lIme
1565 2336 97 34 salle
1690 2335 46 34 de
1769 2335 37 33 la
1834 2332 219 36 Colonnade

361 2397 92 36 2017
578 2398 168 42 Rubens,
764 2397 318 35 Petrus-Paulus.
1108 2395 29 45 (
1137 2395 29 45 1
1166 2395 192 45 =,77-1640).
1376 2416 45 3 —
1437 2395 46 33 Le
1508 2394 114 34 Festin
1640 2395 61 32 des

770 2458 115 33 Dieux
920 2456 119 46 (Ecole
1066 2456 62 40 de;
1156 2454 167 35 autrefois
1359 2455 147 33 attribué
1541 2456 18 31 à
1591 2453 108 45 Jacob

768 2515 175 46 Jordaens)
1755 2512 61 34 I-E

362 2576 98 35 2075
634 2598 38 2 -
727 2578 41 31 La
809 2576 131 33 famille
967 2576 42 32 de
1038 2575 85 33 Loth
1152 2574 155 42 quittant
1327 2569 250 37 Sodomc
1577 2569 107 37 VI
1684 2569 142 37 tr.
1826 2569 144 37 E-S

362 2640 92 37 2076
625 2662 45 4 -
722 2644 42 31 Le
792 2642 167 43 prophète
989 2641 68 33 Elie
1085 2642 87 31 dans
1199 2641 30 32 le
1257 2640 110 32 désert
1391 2638 77 45 (Par
1496 2640 142 31 Rubens
1666 2642 31 28 et

769 2713 52 21 ses
849 2700 841 37 élèves).
1746 2694 62 36 VI
1808 2694 83 36 tr.
1891 2694 84 36 E-N

362 2761 92 35 2077
626 2781 46 4 -
724 2761 215 33 L'adoration
968 2761 60 31 des
1056 2754 323 50 mages
1379 2754 161 50 VI
1540 2754 215 50 tr.
1755 2754 218 50 E-N

363 2826 91 35 2078
626 2847 45 3 —
724 2828 41 31 La
794 2826 120 44 Vierge
942 2837 64 21 aux
1034 2836 120 33 anges,
1184 2824 70 33 dite
1282 2824 30 31 la
1340 2823 120 43 Vierge
1488 2823 60 31 des
1583 2822 114 32 Saints

770 2877 570 41 Innocents
1340 2877 171 41 VI
1511 2877 228 41 tr.
1739 2877 229 41 E-S
