2293 3467
541 382 141 51 PARIS,
719 381 156 42 MUSÉE
907 381 237 42 NATIONAL
1179 393 58 29 DU
1271 379 183 42 LOUVRE
1742 375 54 43 77

192 514 67 35 994
381 512 130 45 Règne
539 512 46 34 de
614 510 159 35 Charles
801 510 47 34 VI
878 509 244 46 (1380-1422).
1147 530 41 2 —
1208 509 167 33 Panneau
1403 509 95 44 peint

569 571 60 33 des
656 570 91 33 deux
774 570 106 32 côtés.
934 568 65 34 Sur
1019 580 70 22 une
1107 568 85 42 face,
1216 568 89 34 saint
1326 568 116 33 Pierre
1469 576 33 25 et

571 630 87 33 saint
680 628 75 41 Paul
755 628 91 41 ;sur
866 627 133 42 l'autre,
1022 628 30 33 la
1067 627 213 46 flagellation
1301 628 46 33 du
1370 626 128 34 Christ.

570 689 187 44 Fragment
783 688 42 33 de
852 687 644 34 retable.
1555 687 30 33 X

194 751 67 34 996
429 770 45 3 —
528 749 43 33 Le
600 747 117 34 Christ
745 755 93 26 mort
865 755 152 25 soutenu
1058 758 58 33 par
1156 747 30 32 le
1224 746 86 34 Père
1348 745 153 43 Eternel,

573 807 117 45 pleuré
717 818 59 33 par
802 806 30 33 la
859 805 140 46 Vierge,
1039 806 89 33 saint
1147 806 85 44 Jean
1255 814 32 25 et
1308 806 48 33 les
1381 817 119 34 anges.

575 887 45 3 —
643 868 55 31 Au
719 877 95 22 revers
814 877 41 22 :
885 865 49 34 les
955 876 114 23 armes
1090 866 42 32 de
1155 867 208 43 Bourgogne
1390 865 114 45 (peut-

576 928 70 32 être
674 937 58 33 par
768 925 86 44 Jean
895 924 166 42 Malouel,
1103 925 133 44 peintre
1269 925 47 32 du
1357 925 66 32 duc
1462 925 42 33 de

576 986 226 44 Bourgogne,
831 984 26 44 t
891 983 100 45 1415)
1557 984 29 34 X
1612 984 146 34 vitrine

196 1047 67 35 996
289 1059 18 20 a
433 1066 39 3 —
525 1045 81 34 Une
630 1044 131 34 «Pitié»
783 1044 42 33 de
854 1043 309 45 Notre-Seigneur.
1204 1064 44 3 —
1282 1044 57 33 Au
1365 1054 134 23 revers:

578 1104 48 34 les
653 1104 96 33 clous
785 1112 32 25 et
853 1103 31 33 la
919 1114 181 22 couronne
1139 1103 169 45 d'épines.
1382 1103 126 33 Forme

576 1164 109 33 ronde
715 1163 118 45 (Ecole
860 1163 42 33 de
938 1162 72 34 l'Ile
1040 1163 43 33 de
1113 1163 139 42 France,
1291 1171 97 25 entre
1420 1173 89 34 1390

577 1232 32 24 et
641 1224 857 43 1410).
1559 1223 29 33 X
1613 1223 146 34 vitrine

199 1285 67 35 997
436 1304 44 3 —
533 1283 45 33 La
605 1283 87 33 mise
719 1294 42 21 au
789 1283 182 33 tombeau,
1092 1283 40 33 ,
1557 1283 29 33 X

176 1344 34 34 S.
240 1344 49 34 N°
438 1363 40 3 —
532 1342 45 33 La
606 1342 126 45 Vierge
759 1344 18 31 à
804 1341 195 42 l'écritoire,
1028 1352 77 22 vers
1137 1351 367 31 1400.
1562 1342 30 34 X

177 1403 32 35 S.
236 1403 53 33 No
389 1403 78 33 XVe
494 1401 135 36 Siècle.
658 1421 45 5 —
730 1401 127 34 Scènes
885 1401 42 33 de
954 1401 30 33 la
1012 1401 53 33 vie
1092 1401 43 33 de
1168 1400 31 33 la
1225 1400 129 46 Vierge
1394 1409 32 25 et
1466 1401 43 33 de

579 1449 152 34 l'Enfant
778 1449 111 44 Jésus.
957 1448 237 46 Polyptyque,
1235 1457 127 25 autour
1403 1448 107 34 d'une

580 1505 921 26 statuette.
1559 1497 30 34 X

203 1557 67 35 998
439 1577 43 3 —
535 1556 45 33 Le
602 1556 117 33 Christ
746 1567 44 23 en
811 1556 97 33 croix
933 1557 146 33 entouré
1108 1568 59 32 par
1194 1556 30 33 la
1252 1556 140 45 Vierge,
1422 1557 90 33 saint

581 1615 86 45 Jean
706 1624 33 25 et
785 1616 49 33 les
879 1616 128 33 saintes
1055 1615 177 43 Femmes,
1279 1624 97 25 entre
1421 1616 91 33 deux

583 1677 120 32 scènes
729 1675 42 33 de
792 1675 30 33 la
849 1675 54 34 vie
924 1675 43 33 de
987 1675 90 34 saint
1098 1675 171 46 Georges;
1288 1687 83 22 avec
1392 1676 122 33 moine

583 1735 183 42 donateur,
795 1746 43 22 en
866 1735 95 33 habit
990 1735 42 33 de
1066 1734 208 43 Chartreux,
1314 1735 200 45 agenouillé

584 1805 42 22 au
654 1794 77 45 pied
760 1795 42 32 de
829 1794 31 33 la
889 1794 626 41 croix.
1571 1796 29 33 X

208 1853 67 35 998
301 1865 20 21 a
444 1874 39 2 —
537 1854 93 42 (vers
662 1855 104 43 1475)
813 1853 142 34 Retable
983 1862 195 37 provenant
1199 1855 43 32 de
1264 1854 148 34 l'ancien
1434 1854 82 33 Par-

588 1913 132 33 lement
747 1913 42 33 de
817 1913 105 43 Paris,
951 1913 149 46 triptyque
1100 1913 45 46 :
1175 1915 18 31 à
1230 1914 109 45 gauche
1339 1914 47 45 :
1428 1915 89 32 saint

590 1971 104 34 Louis
722 1981 32 24 et
782 1972 88 34 saint
908 1972 270 46 Jean-Baptiste;
1214 1985 43 21 au
1298 1973 139 34 milieu:
1486 1973 30 33 le

589 2031 117 34 Christ
733 2043 43 22 en
803 2032 93 34 croix
923 2041 97 25 entre
1040 2032 31 34 la
1092 2033 128 45 Vierge
1247 2042 33 24 et
1306 2033 90 34 saint
1416 2033 99 45 Jean;

590 2093 17 30 à
635 2091 89 34 droite
724 2091 39 34 :
817 2092 88 33 saint
933 2092 110 34 Denis
1070 2101 33 25 et
1130 2092 239 46 Charlemagne
1567 2093 29 33 X

211 2149 68 35 998
308 2150 17 31 b
451 2170 37 2 —
543 2150 86 33 Mise
656 2162 43 21 au
726 2151 166 33 tombeau
920 2151 285 45 (probablement
1232 2151 176 46 espagnol)
1572 2152 29 33 X

211 2208 67 35 998
306 2221 15 19 c
451 2229 38 3 —
545 2208 45 34 Le
618 2208 116 35 Christ
761 2210 176 34 descendu
965 2212 43 33 de
1035 2211 29 33 la
1092 2212 107 41 croix,
1241 2220 32 25 et
1310 2212 117 44 pleuré
1461 2223 59 33 par

595 2269 46 33 les
668 2269 92 34 siens
787 2270 86 33 dans
899 2282 49 22 un
975 2282 163 34 paysage,
1167 2282 82 22 avec
1270 2282 67 22 vue
1359 2271 42 33 de
1424 2271 95 33 Paris

594 2328 174 45 IProvient
801 2329 42 34 de
877 2329 195 34 l'ancienne
1099 2331 134 44 abbaye
1272 2331 42 32 de
1350 2330 46 33 S1.
1437 2329 85 35 Ger-

593 2388 95 33 main
716 2388 60 34 des
804 2389 711 44 Prés).
1574 2391 29 33 X

215 2445 67 35 999
454 2467 36 2 —
547 2446 165 34 Portraits
738 2448 43 33 de
806 2448 86 44 Jean
918 2448 149 45 Juvénal
1093 2449 61 33 des
1181 2449 140 42 Ursins,
1350 2450 108 33 baron
1479 2449 43 33 de

594 2493 154 44 Trainel,
787 2496 176 44 président
1008 2507 43 22 au
1087 2496 214 42 Parlement,
1350 2506 91 25 mort
1477 2508 44 22 en

602 2551 99 36 1431,
730 2543 42 33 de
800 2554 34 22 sa
861 2542 134 35 femme
1022 2544 163 33 Michelle
1212 2544 43 33 de
1282 2544 101 45 Vitry
1416 2553 33 25 et
1481 2544 43 34 de

596 2589 91 33 leurs
713 2601 89 23 onze
829 2590 138 34 enfants
990 2591 174 44 (provient
1186 2591 42 34 de
1248 2591 131 44 l'église
1396 2592 127 33 Notre-

597 2636 113 34 Dame
731 2638 42 33 de
795 2638 522 44 Paris).
1317 2638 40 44 ,
1576 2640 29 34 X

197 2693 89 35 1000
456 2714 42 3 —
552 2694 198 36 L'Homme
777 2708 43 22 au
847 2709 97 21 verre
983 2698 43 33 de
1063 2698 59 33 vin
1165 2698 281 44 \probablement
1482 2700 42 32 de

599 2742 119 34 l'école
746 2743 190 40 flamande)
1578 2748 28 33 X

198 2799 90 34 1000
313 2812 20 20 a
454 2820 45 4 —
552 2801 146 33 Portrait
720 2802 43 33 de
784 2802 134 34 femme
939 2815 56 21 sur
1017 2803 85 34 fond
1122 2804 76 34 d'or
1214 2806 96 32 semé
1325 2805 43 34 de
1383 2808 146 42 pensées
1580 2808 29 33 X

199 2858 90 35 1000
318 2860 17 31 b
461 2880 37 2 —
554 2860 147 34 Portrait
746 2861 42 33 de
826 2861 133 34 femme
998 2863 284 44 (probablement
1321 2864 42 34 de
1405 2865 120 34 l'école

601 2906 921 41 flamande~
1580 2914 29 34 X
