2263 3458
567 362 143 50 PARIS,
747 361 156 42 MUSÉE
934 360 237 41 NATIONAL
1207 371 56 28 DU
1299 357 184 41 LOUVRE
1771 353 57 43 73

223 492 67 36 938
411 492 155 41 Vernet,
596 490 318 43 Claude-Joseph.
945 488 68 45 171
1013 488 120 45 (-178g
1227 509 42 2 —
1307 488 156 45 Paysage
1497 497 31 24 et

624 549 132 33 marine
784 559 58 22 sur
868 548 48 34 les
944 549 104 33 bords
1074 548 42 33 de
1144 548 29 32 la
1202 547 232 34 Méditerranée
1584 547 148 35 Marine

335 636 94 31 SUITE
459 645 54 21 DES
542 635 103 31 Ports
674 644 36 20 DE
739 643 61 21 MER
828 643 36 21 DE
894 633 140 36 FRANCE,
1065 630 200 34 commandée
1293 642 59 22 par
1381 632 96 32 Louis
1506 643 41 20 xv
1574 642 34 21 EN
1641 640 82 35 175'

742 703 38 21 ET
807 690 161 33 EXECUTEE
997 703 36 20 DE
1069 700 36 35 I7
1105 700 48 35 54
1184 702 18 21 A
1238 690 98 45 1765.

224 753 67 35 940
462 773 36 3 —
554 751 77 33 Vue
658 751 42 33 de
727 750 143 34 l'entrée
897 750 45 33 du
971 759 76 36 port
1074 750 43 33 de
1145 750 186 41 Marseille,
1361 751 88 43 prise
1487 750 42 32 de

600 799 29 33 la
657 807 193 36 montagne
877 798 142 45 appelée
1046 797 267 34 Tête-de-More
1582 797 132 34 XVI-N

225 859 64 35 941
463 858 48 33 —
511 858 122 33 Vue
661 858 41 33 de
730 857 189 34 l'intérieur
946 857 46 33 du
1021 866 75 35 port
1132 857 42 33 de
1216 857 185 42 Marseille,
1443 858 88 44 prise

601 906 45 33 du
674 904 152 46 pavillon
853 905 42 33 de
923 904 173 46 l'horloge
1123 905 46 33 du
1198 916 116 33 parc
1582 904 150 35 Marine

224 966 67 35 942
464 986 34 2 —
556 965 76 33 Vue
660 965 44 32 du
733 963 93 46 golfe
853 964 43 34 de
925 964 136 34 Bandol
1631 983 47 5 -

224 1025 67 35 943
461 1046 39 2 —
555 1025 76 32 Vue
658 1025 45 32 du
733 1023 181 45 port-neuf
936 1024 43 33 de
1016 1023 156 42 Toulon,
1203 1024 89 44 prise
1330 1024 42 33 de
1406 1023 125 45 l'angle

603 1073 45 32 du
677 1083 75 33 parc
780 1071 750 34 d'artillerie
1636 1092 40 2 —

224 1132 69 35 944
462 1153 14 2 -
556 1132 76 33 Vue
659 1132 42 32 de
729 1131 28 33 la
786 1131 78 33 ville
892 1140 32 24 et
951 1131 42 33 de
1022 1131 29 33 la
1079 1132 79 32 rade
1187 1131 42 33 de
1265 1130 167 35 Toulon
1586 1130 131 34 XVI-N

225 1192 67 35 945
462 1212 38 3 —
555 1192 77 33 Vue
658 1191 46 33 du
731 1191 102 33 vieux
861 1199 75 36 port
963 1191 42 33 de
1032 1189 250 46 Toulon,prise
1304 1191 46 33 du
1371 1192 77 32 côté
1470 1191 60 33 des

604 1239 175 45 magasins
805 1250 66 22 aux
898 1238 625 34 vivres.
1582 1238 150 34 Marine

225 1299 67 35 946
463 1320 40 2 —
557 1298 77 33 Vue
650 1299 42 32 de
709 1298 28 33 la
754 1298 80 33 rade
850 1297 198 43 d'Antibes,
1067 1298 89 44 prise
1171 1298 46 33 du
1233 1299 77 33 côté
1331 1298 42 33 de
1395 1298 30 33 la
1446 1307 89 24 terre
1636 1318 39 2 —

225 1358 67 35 947
464 1379 38 2 —
559 1358 74 33 Vue
662 1359 44 32 du
735 1366 76 36 port
838 1358 42 33 de
909 1357 113 42 Cette,
1052 1358 88 44 prise
1162 1358 46 32 du
1230 1359 77 32 côté
1329 1358 42 33 de
1393 1358 29 32 la
1445 1369 86 30 mer,

604 1418 148 33 derrière
780 1417 29 33 la
837 1417 87 45 jetée
952 1417 134 34 isolée

226 1476 67 35 948
462 1498 43 2 —
557 1477 78 33 Vue
662 1477 42 33 de
732 1477 28 32 la
789 1476 79 34 ville
895 1485 33 25 et
954 1477 47 32 du
1029 1486 75 35 port
1132 1478 42 32 de
1211 1477 194 42 Bordeaux,
1445 1478 89 44 prise

604 1525 45 32 du
677 1525 76 33 côté
781 1525 59 32 des
868 1524 662 34 Salinières.,.

227 1584 67 34 949
472 1605 29 2 —
559 1584 44 33 La
632 1585 117 32 même
776 1596 80 29 vue,
887 1584 87 45 prise
1002 1584 46 33 du
1075 1584 145 33 château
1248 1584 199 45 Trompette
1639 1605 34 2 —

227 1643 68 35 950
467 1665 37 2 —
559 1644 77 33 Vue
662 1644 43 32 de
732 1643 30 33 la
790 1643 78 34 ville
896 1652 32 25 et
955 1643 46 34 du
1035 1652 77 36 port
1152 1644 42 33 de
1236 1644 181 45 Bayonne,
1448 1644 88 44 prise

606 1692 45 32 du
680 1691 104 45 glacis
810 1691 43 33 de
881 1691 29 33 la
937 1691 594 34 citadelle.

227 1750 65 35 951
466 1771 38 3 —
561 1751 44 33 La
633 1752 117 32 même
778 1762 78 30 vue,
887 1751 87 45 prise
1003 1752 76 44 près
1106 1751 43 33 de
1170 1751 30 33 la
1222 1760 97 36 porte
1350 1752 42 32 de
1420 1751 118 34 Mous-

605 1810 834 34 serole
1439 1810 239 34 —

228 1869 67 34 952
465 1890 40 3 —
560 1869 76 34 Vue
651 1870 45 33 du
712 1878 75 36 port
803 1870 43 33 de
862 1869 45 34 La
924 1870 180 41 Rochelle,
1121 1870 89 45 prise
1225 1870 42 34 de
1283 1870 30 33 la
1329 1871 104 44 petite
1449 1871 83 32 rive.
1637 1891 38 2 —

229 1928 66 35 953
466 1949 40 3 —
559 1929 77 33 Vue
663 1929 46 33 du
736 1937 77 36 port
839 1929 43 33 de
917 1928 204 43 Rochefort,
1166 1930 89 44 prise
1295 1930 47 33 du
1379 1930 157 45 magasin

606 1977 60 33 des
693 1977 167 34 colonies

229 2035 68 35 954
467 2056 39 3 —
560 2035 77 34 Vue
664 2036 42 33 de
734 2036 29 33 la
791 2036 79 33 ville
897 2045 33 24 et
957 2037 46 33 du
1031 2045 77 36 port
1134 2037 43 33 de
1206 2037 326 45 Dieppe
1640 2057 37 2 —

230 2095 68 34 955
421 2096 156 41 Vernet,
608 2095 530 44 Antoine-Charles-Horace,
1166 2097 48 33 dit
1253 2097 121 34 Carie.
1418 2097 120 43 11758-

616 2143 110 44 1836].
757 2164 39 3 -
826 2143 133 34 Chasse
985 2155 43 22 au
1055 2144 74 33 cerf
1152 2155 88 34 pour
1266 2145 29 33 la
1332 2144 96 34 Saint
1466 2144 72 33 Hu-

610 2191 84 41 bert,
724 2191 30 33 le
782 2202 18 32 5
829 2192 183 42 novembre
1012 2192 144 42 1818,
1185 2192 86 34 dans
1299 2192 49 33 les
1385 2192 75 33 bois
1496 2192 42 33 de

610 2238 90 33 Fosse
739 2238 125 45 Repose.
954 2239 45 33 Le
1047 2238 74 35 cerf
1162 2239 92 34 forcé
1289 2240 86 33 dans
1412 2239 128 45 l'étang

608 2286 41 32 de
678 2286 89 33 Ville
794 2286 154 46 d'Avray
1571 2287 129 34 Palier
1715 2297 76 25 esc.
1802 2287 38 34 T.
1859 2287 36 34 T.

232 2344 67 34 956
420 2345 155 42 Vernet,
605 2345 416 36 Emile-Jean-Horace.
1051 2346 243 45 ^1789-18631.
1325 2367 39 2 -
1396 2346 45 33 La
1466 2347 73 33 bar-

610 2405 85 33 rière
749 2405 42 33 de
846 2404 138 46 Clichy;
1041 2402 143 37 défense
1229 2406 42 33 de
1331 2406 106 42 Paris,
1497 2417 43 22 en

616 2464 84 43 1814
1322 2465 35 34 E.
1388 2466 36 34 F.
1454 2466 98 33 XIXe
1585 2465 34 35 S.
1656 2465 36 35 2e
1721 2466 113 44 étage
1864 2465 33 34 II

233 2522 67 35 958
326 2534 20 20 a
470 2543 40 4 —
563 2523 148 34 Portrait
737 2523 43 34 de
806 2523 257 45 Jean-Baptiste
1092 2524 134 45 Isabey,
1256 2524 134 45 peintre
1411 2536 44 22 en
1477 2525 64 32 mi-

613 2582 627 34 niature
1299 2584 36 34 E.
1365 2584 34 34 F.
1428 2584 97 34 XIXe
1553 2584 34 35 S.
1625 2585 50 33 1er
1702 2585 113 44 étage
1844 2584 53 34 III

210 2639 12 14 *
472 2661 40 3 —
569 2640 121 34 Plafond
690 2640 46 34 :
789 2642 87 39 )ules
913 2642 30 33 II
984 2642 201 33 ordonnant
1221 2643 48 33 les
1308 2652 141 24 travaux
1494 2644 47 33 du

614 2688 144 33 Vatican
785 2697 33 25 et
850 2689 43 34 de
931 2689 232 34 Saint-Pierre
1201 2701 42 22 au
1284 2691 199 42 Bramante,
1524 2693 17 31 à

615 2735 247 46 Michel-Ange
896 2745 32 25 et
967 2738 17 31 à
1021 2736 166 45 Raphaël.
1239 2759 39 2 —
1321 2738 218 34 Voussures:

618 2782 133 40 Quatre
780 2783 202 42 bas-reliefs,
1012 2784 172 34 alternant
1210 2796 82 23 avec
1319 2786 61 33 des
1398 2787 143 33 médail-

617 2830 48 33 les
691 2832 46 31 où
764 2839 79 25 sont
871 2830 126 46 figurés
1024 2831 115 34 Rome
1166 2841 33 24 et
1225 2832 127 43 Urbin,
1378 2834 164 33 Braman-

616 2886 32 24 te
675 2886 33 26 et
729 2877 285 45 Raphaël.
1326 2880 133 37 Musée
1489 2882 160 35 Charles
1676 2883 40 41 X,
1739 2882 97 34 salle
1865 2881 34 34 II
