2245 3477
442 344 57 44 22
785 349 143 53 PARIS,
965 351 158 42 MUSÉE
1154 352 242 43 NATIONAL
1431 367 59 29 DU
1525 354 186 44 LOUVRE

406 476 92 36 2846
599 479 216 44 Delacroix,
846 481 562 47 Ferdinand-Victor-Eugène.
1432 483 267 48 (1798-1863).
1699 483 42 48 -

813 540 47 34 Le
886 540 72 35 lion
986 553 43 22 au
1056 541 677 46 sanglier.
1792 547 37 34 T.
1857 548 36 34 T.

405 597 93 35 2847
670 620 42 3 —
766 599 46 35 Le
839 600 73 34 lion
939 612 44 22 au
1009 605 726 35 caïman.
1795 607 36 34 T.
1860 607 37 34 T.

405 657 92 36 2848
669 680 41 3 —
765 659 47 35 Le
838 660 74 34 lion
938 672 44 22 au
1009 661 128 46 Japin
1795 667 37 34 T.
1860 667 36 34 T.

404 717 92 36 2849
671 740 42 3 —
766 720 48 33 Le
841 720 119 34 Christ
987 732 44 23 en
1057 722 680 38 croix,.
1796 726 36 35 T.
1860 727 37 34 T.

404 777 93 36 2850
668 800 41 3 —
765 779 267 36 L'enlèvement
1058 782 43 33 de
1128 782 607 38 Rébecca.
1793 786 36 34 T.
1858 786 36 34 T.

404 838 90 35 2851
667 859 46 4 —
766 840 142 34 Hamlet
935 849 33 25 et
996 841 737 39 Horatio.
1791 846 37 34 T.
1856 846 37 34 T.

472 1496 68 25 212
1069 1488 185 34 DELACROIX

1401 1497 66 36 209
1827 1489 183 32 DELACROIX

402 1546 92 35 2852
595 1546 217 43 Delacroix,
836 1546 563 45 Ferdinand-Victor-Eugène.
1425 1545 243 48 (1798-1863).
1693 1567 42 3 —

804 1594 929 72 Médée.
1791 1594 37 34 T.
1855 1594 37 34 T.

400 1653 92 35 2853
665 1675 42 3 —
762 1654 136 34 Lionne
926 1655 94 44 prête
1047 1656 19 32 à
1093 1654 633 35 s'élancer.
1786 1654 37 34 T.
1851 1654 37 33 T.

399 1713 34 33 S.
463 1713 51 34 N°
664 1735 41 3 —
760 1714 143 34 Hamlet
931 1723 33 24 et
992 1714 148 34 Horatio
1501 1714 35 34 E.
1566 1714 34 34 F.
1628 1714 99 33 XIXe
1756 1713 32 35 S.
1819 1714 49 33 1er
1895 1712 113 45 étage
2038 1713 52 34 III

398 1773 35 33 S.
462 1773 52 34 N°
663 1795 42 3 —
759 1774 46 34 Le
832 1773 119 46 poêle;
986 1774 79 34 coin
1093 1773 372 36 d'atelier.
1525 1774 36 34 E.
1589 1773 35 34 F.
1652 1773 96 34 XIXe
1776 1773 32 35 S.
1838 1773 49 34 1er
1914 1772 113 45 étage
2075 1773 14 34 1

398 1833 35 34 S.
462 1833 52 34 N°
663 1855 41 3 —
757 1833 282 46 L'appartement
1072 1834 46 33 du
1145 1843 117 25 comte
1288 1834 43 33 de
1358 1833 143 46 Mornay
1882 1853 40 4 —

398 1893 34 34 S.
461 1894 52 34 N°
662 1914 41 3 —
757 1893 149 34 Portrait
932 1893 43 33 de
1003 1893 158 46 Georges
1186 1894 310 34 Sand.
1555 1893 35 34 E.
1620 1893 34 34 F.
1684 1893 96 34 XIXe
1807 1892 32 35 S.
1868 1892 36 35 2e
1932 1892 114 45 étage
2074 1894 14 34 1

398 1953 34 34 S.
461 1954 52 33 N°
661 1974 42 3 —
757 1953 47 34 La
831 1961 93 26 mort
951 1953 42 34 de
1020 1953 706 45 Sardanapale.
1786 1952 130 35 VIII-0

490 2554 49 35 S.
539 2554 66 35 N°
950 2553 192 34 DELACROIX

1359 2557 66 36 213
1761 2545 191 33 DELACROIX

589 2614 215 42 Delacroix,
828 2608 562 46 Ferdinand-Victor-Eugène.
1413 2603 243 49 (1798-1863).
1680 2624 42 4 —

802 2660 156 46 Apollon
978 2661 195 44 vainqueur
1193 2659 46 32 du
1260 2663 138 39 serpent
1417 2653 154 47 Python.
1595 2650 161 35 Plafond.
1781 2650 75 35 Gai.
1885 2648 198 44 d'Apollon

409 2720 73 46 (39)
664 2741 42 3 —
759 2721 47 33 La
832 2720 122 33 chasse
980 2731 43 22 au
1051 2719 434 45 tigre.
1546 2712 90 34 Coll.
1666 2709 240 42 Chauchard,
1935 2707 146 46 galerie

409 2779 72 47 (40)
662 2800 43 4 —
758 2780 47 33 Le
831 2791 889 33 puma.
1872 2788 45 4 -

396 2839 97 46 (169)
664 2860 43 3 —
759 2839 150 45 Passage
935 2838 84 34 d'un
1045 2838 68 45 gué
1139 2849 43 21 au
1209 2836 126 34 Maroc
1776 2828 89 35 Coll.
1889 2826 191 35 Camondo

397 2898 97 47 (170)
667 2919 41 3 —
762 2897 170 34 Chevaux
959 2908 36 23 se
1022 2898 132 33 battant
1180 2896 87 33 dans
1293 2905 70 23 une
1390 2891 128 35 écurie
1870 2906 46 5 -
