2267 3473
1182 406 99 43 VIII

373 536 66 32 Dès
491 536 98 42 1798,
631 541 32 29 et
702 542 137 28 surtout
879 538 87 32 dans
1006 538 49 32 les
1096 538 129 33 années
1265 539 191 35 suivantes,
1499 539 114 33 furent
1652 539 142 43 exposés
1840 540 48 32 les
1936 541 160 33 tableaux

373 596 165 42 prélevés,
569 598 97 41 après
700 598 49 31 les
776 597 192 33 armistices
989 598 42 32 de
1060 599 116 31 Parme
1204 603 32 28 et
1275 599 42 31 de
1355 599 151 44 Bologne
1547 603 31 29 et
1617 600 29 31 le
1684 599 97 33 traité
1817 600 41 32 de
1895 600 199 41 Tolentino,

372 656 87 32 dans
487 657 49 31 les
564 657 204 33 collections
797 662 221 28 notamment
1046 658 60 32 des
1133 658 87 32 ducs
1247 659 41 31 de
1318 660 116 31 Parme
1475 664 31 27 et
1543 659 41 32 de
1626 659 159 36 Modène,
1824 659 61 33 des
1921 660 99 32 villes
2055 660 41 33 de

374 716 105 32 Milan
527 721 31 28 et
597 717 42 32 de
679 717 125 32 Venise
844 722 32 28 et
915 718 88 32 dans
1041 718 49 31 les
1126 718 204 33 collections
1367 719 151 42 papales.
1574 718 78 33 Puis
1691 730 36 21 ce
1768 718 52 34 fut
1860 720 29 31 le
1928 724 77 28 tour
2038 719 60 33 des

373 777 192 40 conquêtes
593 776 99 33 faites
732 788 42 21 au
803 788 82 21 cour
917 777 61 32 des
1017 788 213 34 campagnes
1268 778 41 32 de
1355 779 85 31 i8oô
1480 782 32 29 et
1552 779 41 32 de
1641 778 106 42 1807:
1803 778 121 42 Berlin,
1966 779 128 37 Cassel,

373 836 192 40 Schwerin,
597 836 203 34 Brunswick
828 841 33 29 et
888 837 132 32 Vienne
1048 837 138 33 avaient
1215 838 87 43 payé
1330 838 90 32 leurs
1448 838 139 33 tributs.
1642 840 26 30 A
1696 838 102 42 partir
1824 838 42 33 de
1897 838 85 32 1810
2003 849 96 22 com-

375 907 121 32 mença
524 896 172 33 vraiment
723 896 241 34 l'installation
993 897 229 42 méthodique
1249 897 41 33 de
1317 908 56 22 ces
1400 897 159 33 énormes
1587 897 220 33 collections.
1863 897 130 44 Depuis
2028 897 67 33 l'an

374 956 69 32 VIII
472 956 42 32 de
543 957 191 32 nombreux
768 957 161 32 tableaux
955 957 149 42 conquis
1131 957 138 33 avaient
1295 957 77 46 déjà
1400 957 53 33 été
1486 957 154 44 envoyés
1675 958 87 31 dans
1800 958 48 31 les
1885 957 135 33 Musées
2056 957 41 33 de

376 1015 175 38 Province,
582 1020 33 29 et
642 1001 37 47 ce
716 1015 115 34 furent
859 1017 49 32 les
936 1017 92 32 seuls
1055 1017 59 41 qui
1143 1017 232 43 échappèrent
1402 1029 41 20 en
1480 1017 81 41 1815
1604 1028 65 21 aux
1706 1016 142 43 reprises
1881 1017 60 32 des
1976 1016 118 33 Alliés.

376 1076 177 37 Pourtant,
583 1077 97 42 après
707 1080 141 29 entente
875 1088 82 21 avec
986 1077 49 32 les
1072 1077 167 44 délégués
1274 1077 41 32 de
1349 1077 30 32 la
1413 1077 80 32 ville
1527 1077 40 32 de
1603 1076 119 40 Milan,
1760 1077 30 31 la
1831 1077 122 42 Vierge
1987 1077 41 32 de
2063 1078 36 31 la

366 1136 146 42 famille
540 1136 113 41 Casio,
683 1136 82 33 chef
787 1136 154 33 d'œuvre
968 1137 42 32 de
1040 1136 184 39 Boltraffio,
1256 1141 86 28 resta
1378 1148 43 20 au
1460 1138 142 35 Louvre,
1645 1136 85 32 ainsi
1769 1147 67 31 que
1870 1136 30 32 la
1937 1136 162 33 Prédica-

376 1196 72 31 tion
476 1196 41 31 de
544 1196 72 32 St.-
643 1197 144 31 Etienne
812 1196 21 32 à
852 1196 195 44 Jérusalem
1074 1197 41 32 de
1143 1196 198 43 Carpaccio.
1398 1197 46 31 De
1474 1197 126 35 même,
1630 1196 60 32 des
1717 1196 191 41 conquêtes
1944 1195 100 33 faites
2080 1198 17 29 à

377 1255 161 33 Florence
566 1256 208 33 demeurèrent
774 1256 53 33 :
882 1258 31 31 le
941 1257 278 32 Couronnement
1244 1257 41 31 de
1312 1258 35 30 la
1378 1257 122 41 Vierge
1526 1256 41 32 de
1597 1257 57 31 Fra
1682 1255 180 44 Angelico,
1904 1256 30 31 le
1961 1254 137 34 Gentile

376 1315 41 33 da
447 1315 180 37 Fabriano,
658 1316 30 32 le
717 1317 153 32 Benozzo
896 1316 153 36 Gozzoli,
1080 1318 35 30 la
1146 1317 122 41 Vierge
1294 1319 96 29 entre
1419 1317 50 31 St.
1493 1315 136 44 Jérôme
1654 1318 32 29 et
1708 1316 51 31 St.
1783 1315 134 32 Zénobe
1945 1314 154 33 d'Alber-

375 1374 126 44 tinclli,
543 1376 30 31 le
601 1376 208 42 Magnificat
834 1376 42 32 de
905 1375 183 36 Botticelli,
1132 1376 30 32 la
1205 1376 189 32 Visitation
1421 1376 41 32 de
1491 1374 238 46 Ghirlandajo,
1773 1375 30 31 la
1846 1375 122 41 Vierge
2004 1376 96 30 entre

378 1436 64 42 St.
442 1436 130 42 Julien
598 1438 32 29 et
659 1436 50 32 St.
740 1437 142 31 Nicolas
909 1436 41 32 de
980 1437 149 31 Lorenzo
1156 1435 32 33 di
1218 1435 112 37 Credi,
1360 1435 31 32 la
1417 1436 123 41 Vierge
1558 1435 21 32 à
1601 1436 35 31 la
1660 1435 153 32 Victoire
1832 1438 34 28 et
1885 1434 30 31 le
1939 1432 161 34 Calvaire

376 1495 41 32 de
446 1496 158 44 Mantegna
604 1496 53 44 ;
687 1496 42 31 de
757 1496 103 31 celles
874 1495 113 46 faites
1014 1499 18 29 à
1061 1497 134 31 Parme:
1251 1495 29 32 le
1307 1494 98 41 Çima
1433 1498 32 29 et
1493 1495 29 31 le
1558 1493 137 33 Bianchi
1736 1492 104 41 Ferrari
1840 1492 40 41 ;
1918 1493 42 32 de
1996 1493 103 32 celles

380 1554 97 33 faites
503 1558 18 29 à
549 1554 102 34 Venise
651 1554 45 34 :
727 1555 49 32 les
803 1556 108 32 Noces
937 1555 42 32 de
1008 1556 98 32 Cana
1132 1555 42 32 de
1202 1554 183 33 Véronèse.

522 1615 42 31 Le
593 1615 142 40 Louvre,
765 1614 59 42 qui
854 1614 92 34 avait
974 1614 146 43 possédé
1147 1619 80 28 tous
1255 1615 49 31 les
1332 1614 127 44 grands
1486 1613 97 33 chefs
1610 1613 153 33 d'œuvre
1791 1613 41 32 de
1866 1611 157 44 peinture
2056 1611 42 33 de

376 1674 172 44 l'Europe,
579 1674 78 32 n'en
695 1678 86 29 resta
827 1685 61 32 pas
928 1674 127 42 moins,
1097 1685 65 22 aux
1202 1685 89 33 yeux
1330 1674 60 32 des
1429 1672 294 44 contemporains,
1762 1671 337 34 considérablement

377 1734 180 43 appauvri.
613 1728 66 38 Dès
707 1734 30 32 le
764 1734 110 33 début
902 1735 46 32 du
977 1735 104 44 règne
1109 1734 41 32 de
1189 1733 102 33 Louis
1328 1734 115 34 XVI11,
1482 1743 45 22 on
1566 1732 38 33 fit
1640 1731 96 33 venir
1772 1732 46 32 du
1856 1731 243 44 Luxembourg

378 1795 182 32 l'Histoire
585 1794 41 32 de
653 1795 115 32 Marie
793 1795 42 31 de
861 1794 145 32 Médicis
1041 1794 42 33 de
1120 1795 156 40 Rubens,
1308 1793 29 32 la
1370 1793 60 32 Vie
1456 1793 40 31 de
1533 1793 51 32 St.
1612 1793 117 31 Bruno
1766 1791 40 32 de
1845 1792 41 31 Le
1907 1791 120 41 Sueur,
2066 1793 32 29 et

378 1856 30 31 la
438 1854 89 33 suite
554 1854 61 32 des
642 1856 102 30 Ports
770 1854 41 32 de
836 1865 71 21 mer
932 1854 42 32 de
997 1854 127 43 Joseph
1153 1855 136 36 Vernet,
1320 1857 33 29 et
1379 1853 60 32 des
1466 1852 227 33 commandes
1722 1851 226 42 importantes
1984 1849 114 33 furent

380 1914 100 33 faites
513 1917 18 29 à
560 1913 153 39 Girodet,
744 1917 17 29 à
790 1913 137 37 Gérard,
957 1917 18 29 à
1003 1914 141 41 Guérin,
1174 1917 18 29 à
1220 1912 171 33 Prud'hon
1421 1916 32 29 et
1479 1915 17 29 à
1524 1912 95 32 Gros.
1668 1911 87 32 Sous
1783 1909 101 34 Louis
1911 1910 100 32 XVIII
2040 1914 59 30 eut

379 1985 122 22 encore
529 1974 68 32 lieu
627 1973 236 42 l'acquisition
892 1974 47 32 du
967 1974 140 32 Bossuet
1134 1974 41 32 de
1204 1973 149 44 Rigaud.
1385 1977 32 28 et
1444 1972 170 41 quelques
1655 1972 134 31 bonnes
1825 1969 100 34 toiles
1964 1969 134 33 hollan-

379 2034 113 33 daises
520 2033 114 33 furent
661 2033 160 33 achetées
848 2036 17 29 à
894 2035 45 30 M.
970 2034 202 39 Quatresols
1205 2033 41 32 de
1284 2033 42 31 La
1364 2033 122 31 Hante.
1541 2031 88 32 Sous
1664 2030 139 32 Charles
1840 2030 40 40 X,
1918 2028 180 45 signalons

381 2094 195 32 seulement
603 2093 139 33 l'entrée
770 2094 87 31 dans
884 2104 64 22 nos
975 2093 144 44 galeries
1146 2093 45 33 du
1220 2092 139 35 Radeau
1386 2092 41 31 de
1453 2093 35 30 la
1515 2091 140 32 Méduse
1688 2100 57 32 par
1780 2088 172 33 Géricault
1988 2092 33 29 et
2056 2088 41 32 de

381 2155 30 31 la
439 2153 184 33 collection
653 2153 132 32 Revoil.
841 2153 42 32 La
911 2152 150 33 création
1101 2153 46 32 du
1187 2152 117 32 Musée
1340 2151 41 32 de
1418 2150 180 33 Versailles
1633 2160 131 31 occupa
1801 2152 97 29 toute
1933 2147 164 34 l'activité

380 2214 42 32 de
451 2213 102 33 Louis
581 2212 169 44 Philippe,
782 2212 87 33 mais
896 2214 184 41 beaucoup
1107 2212 41 33 de
1177 2211 158 44 portraits
1363 2210 159 43 français,
1554 2212 220 30 notamment
1801 2208 46 32 du
1871 2208 89 32 XVIe
1980 2206 115 42 siècle,

381 2273 58 42 qui
468 2272 115 33 furent
610 2272 121 42 acquis
758 2283 58 32 par
843 2272 47 32 lui
919 2275 18 29 à
965 2283 103 22 cause
1095 2272 41 32 de
1165 2272 72 32 leur
1266 2270 122 33 intérêt
1428 2268 205 42 historique,
1677 2268 100 32 firent
1813 2266 136 33 ensuite
1986 2271 112 29 retour

381 2344 43 21 au
454 2332 117 32 Musée
598 2332 46 32 du
675 2333 142 35 Louvre,
848 2332 45 33 où
923 2331 40 33 ils
992 2331 173 33 illustrent
1193 2335 97 28 toute
1320 2341 66 21 une
1415 2328 136 44 période
1573 2329 41 31 de
1637 2332 95 28 notre
1753 2331 48 28 art
1824 2326 167 40 national;
2014 2325 84 33 c'est

381 2392 87 32 ainsi
497 2403 68 30 que
594 2402 89 22 nous
711 2391 193 43 possédons
932 2392 29 31 le
991 2392 142 32 Charles
1165 2391 64 31 VII
1255 2394 33 28 et
1315 2390 29 31 le
1369 2388 146 42 Juvénal
1540 2388 56 32 des
1626 2388 123 32 Urstns
1782 2386 41 32 de
1861 2386 167 40 Fouquet.

524 2451 45 32 Ce
598 2462 41 21 ne
667 2451 53 32 fut
747 2461 67 31 que
843 2462 82 21 sous
954 2451 29 32 le
1011 2450 134 33 Second
1176 2449 134 43 Empire
1338 2459 67 31 que
1435 2458 62 22 nos
1524 2446 204 34 collections
1767 2445 232 33 retrouvèrent
2036 2444 61 32 des

382 2510 129 33 années
539 2511 199 35 heureuses,
768 2511 239 42 comparables
1033 2513 18 29 à
1078 2510 103 32 celles
1208 2509 60 32 des
1296 2509 121 43 règnes
1443 2507 41 32 de
1514 2505 158 44 François
1710 2506 6 30 1
1754 2516 45 21 ou
1821 2504 41 32 de
1885 2503 102 33 Louis
2008 2503 86 40 XIV,

382 2581 44 22 ou
455 2570 42 32 de
525 2569 306 34 l'administration
860 2570 46 32 du
947 2569 53 32 Cte
1038 2568 240 45 d'Angiviller.
1333 2567 85 32 Sans
1447 2567 105 42 parler
1590 2565 42 32 de
1669 2563 232 42 l'acquisition
1938 2566 75 38 trop
2049 2561 49 33 fa-

384 2640 119 22 meuse
530 2630 41 31 de
599 2629 232 41 l'Immaculée
831 2629 233 41 Conception
1091 2628 41 32 de
1160 2627 150 35 Murillo,
1341 2625 106 44 payée
1470 2626 78 42 plus
1569 2624 41 32 de
1636 2633 155 23 000.000
1813 2623 67 31 Frs.
1904 2625 17 29 à
1943 2622 30 31 la
1994 2624 102 29 vente

384 2690 45 31 du
459 2688 169 33 Maréchal
657 2689 98 32 Soult
783 2700 41 20 en
860 2688 97 40 18^2,
989 2687 20 32 il
1040 2698 88 22 nous
1156 2687 74 32 faut
1257 2685 149 45 signaler
1434 2685 48 31 les
1508 2684 120 32 achats
1654 2683 45 32 du
1739 2682 219 32 Condottiere
1992 2679 105 33 d'An-

384 2749 133 32 tonello
542 2748 42 32 de
614 2747 162 38 Messine,
807 2748 46 31 du
883 2747 181 43 triptyque
1092 2747 41 32 de
1162 2745 182 44 Memling,
1375 2744 45 32 du
1455 2744 107 42 Bœuf
1579 2742 135 33 écorché
1739 2742 41 32 de
1802 2740 224 40 Rembrandt,
2049 2739 45 32 du

385 2808 138 32 Moulin
551 2807 233 39 d'Hobbema,
814 2811 32 28 et
873 2807 42 31 de
943 2807 30 31 la
1002 2807 210 31 Dentellière
1238 2805 41 31 de
1307 2804 156 31 Vermeer
1489 2802 41 32 de
1560 2801 102 35 Delft,
1700 2800 86 33 ainsi
1821 2811 66 29 que
1922 2799 47 31 les
2006 2798 90 32 dons

386 2878 57 32 par
469 2866 190 32 Walferdin
688 2866 41 32 de
758 2866 29 31 la
816 2867 105 41 Leçon
949 2866 41 31 de
1024 2866 151 31 clavecin
1210 2865 41 31 de
1287 2862 192 44 Fragonard
1513 2866 31 27 et
1576 2863 59 40 par
1662 2860 113 32 Reiset
1802 2859 45 32 du
1875 2859 156 40 Martyre
2055 2857 41 31 de

386 2927 181 32 St.-Denis
611 2925 139 32 d'Henri
793 2925 208 32 Bellechose.
1074 2923 98 33 Trois
1211 2923 225 32 événements
1478 2921 41 31 de
1558 2919 162 43 première
1761 2918 210 42 importance
2011 2925 85 33 pour
