2219 3463
396 348 58 44 80
739 350 144 52 PARIS,
920 350 157 42 MUSÉE
1108 350 238 43 NATIONAL
1380 364 60 29 DU
1473 351 184 43 LOUVRE

362 479 88 35 1021
577 474 114 40 École
719 479 198 46 française
946 489 49 25 ou
1030 480 194 35 flamande
1265 481 170 35 seconde
1476 481 135 35 moitié
1651 482 51 35 du

771 540 128 34 XVIme
927 539 131 35 siècle.
1089 560 41 3 —
1169 540 149 34 Portrait
1354 541 42 33 de
1432 540 105 34 Silvie
1567 542 59 32 Pic
1660 542 42 33 de

771 599 31 33 la
823 599 211 42 Mirandole,
1057 608 174 25 comtesse
1267 600 42 33 de
1337 600 30 33 la
1401 600 300 35 Rochefoucauld.
1755 602 47 34 XI

366 659 91 35 1022
631 680 41 2 —
727 659 149 34 Portrait
904 659 42 33 de
977 659 175 42 François,
1181 660 67 32 duc
1274 659 212 43 d'Alençon,
1515 660 115 34 enfant
1755 662 48 33 XI

363 718 92 36 1023
629 739 39 3 —
723 719 149 33 Portrait
893 719 43 33 de
959 718 127 34 Louise
1112 719 43 33 de
1179 718 176 43 Lorraine,
1379 720 95 33 reine
1495 720 43 33 de
1563 720 139 42 France,

774 778 134 34 femme
935 779 42 33 de
1006 778 111 34 Henri
1144 779 47 33 III
1758 780 47 34 XI

365 839 93 35 1024
630 860 41 2 —
725 839 151 33 Portrait
902 839 43 33 de
968 839 114 33 Diane
1100 838 42 34 de
1166 838 141 44 France,
1330 839 173 34 duchesse
1522 839 184 46 d'Angou-

775 898 105 42 lême,
909 898 70 33 fille
1007 898 169 34 naturelle
1204 907 33 25 et
1257 898 178 46 légitimée
1456 899 43 33 de
1528 899 110 33 Henri
1660 900 43 41 II,

776 958 51 33 roi
855 959 43 33 de
927 958 120 34 France
1757 960 47 33 XI

367 1019 91 35 1025
638 1040 39 2 —
733 1018 149 33 Portrait
908 1018 42 33 de
983 1018 143 33 Nicolas
1166 1018 42 33 de
1251 1018 175 42 Neuville,
1469 1020 163 44 seigneur
1664 1020 42 32 de

775 1078 172 45 Villeroy,
977 1078 180 33 secrétaire
1185 1077 113 34 d'Etat
1326 1089 82 23 sous
1435 1078 49 34 les
1511 1079 69 33 rois
1599 1078 109 34 Char-

778 1138 49 33 les
855 1138 60 42 IX,
946 1138 110 33 Henri
1085 1138 60 38 III,
1176 1138 109 33 Henri
1314 1138 60 42 IV,
1404 1147 33 24 et
1462 1138 104 33 Louis
1593 1138 68 33 XIII
1760 1138 48 34 XI

366 1199 92 35 1027
630 1219 44 4 -
726 1198 149 34 Portrait
902 1198 43 33 de
971 1197 135 45 Jeanne
1132 1197 243 45 d'Angennes,
1404 1198 104 33 dame
1530 1198 42 33 de
1593 1198 112 33 Saint-

774 1257 162 43 Bohaire,
966 1258 76 45 puis
1070 1258 157 33 baronne
1254 1258 43 33 de
1325 1257 203 46 Chambray
1754 1258 48 33 XI

368 1318 92 36 1028
636 1339 38 2 —
730 1318 149 33 Portrait
915 1318 43 33 de
998 1316 186 35 Chrestien
1230 1317 42 33 de
1317 1317 167 46 Savigny,
1532 1317 71 33 l'un
1650 1318 60 33 des

777 1378 212 33 lieutenants
1012 1377 47 33 du
1087 1377 66 33 duc
1180 1377 42 33 de
1244 1377 148 45 Mayenne
1763 1377 47 34 XI

368 1438 92 36 1030
636 1459 41 2 —
731 1437 149 34 Portrait
919 1437 42 34 de
1016 1436 190 34 Catherine
1246 1437 43 33 de
1329 1437 156 43 Médicis,
1530 1437 95 33 reine
1667 1437 42 33 de

784 1497 140 43 France,
947 1498 759 44 âgée.,.
1762 1497 48 33 XI

374 1559 89 35 1031
638 1579 39 2 —
732 1557 149 34 Portrait
903 1557 43 33 de
967 1556 147 42 femme,
1131 1567 44 22 en
1200 1557 90 41 noir,
1308 1567 82 22 avec
1405 1556 143 45 guimpe
1565 1556 145 33 blanche

780 1625 33 25 et
839 1616 92 34 voile
958 1616 202 34 retombant
1187 1627 57 22 sur
1270 1616 48 33 les
1345 1616 131 45 épaules
1763 1616 49 33 XI

373 1678 92 35 1032
637 1698 43 3 —
734 1677 150 33 Portrait
911 1687 43 23 en
982 1676 79 45 pied
1088 1676 43 33 de
1166 1676 109 33 Henri
1318 1676 61 41 III,
1420 1676 51 33 roi
1504 1676 43 33 de
1584 1675 129 33 France
1764 1675 47 34 XI

372 1737 92 36 1033
639 1758 41 2 —
734 1736 152 34 Portrait
914 1747 43 23 en
986 1736 99 33 buste
1112 1736 43 33 de
1185 1735 109 34 Henri
1321 1735 61 42 III,
1411 1735 51 34 roi
1489 1735 43 33 de
1561 1735 145 34 France.
1763 1735 48 33 XI

372 1797 94 36 1034
647 1817 32 2 -
733 1796 61 34 Un
823 1796 54 33 bal
904 1798 18 31 à
948 1796 32 33 la
1008 1786 96 43 Cour
1131 1795 43 34 de
1203 1795 110 33 Henri
1342 1795 60 42 111,
1425 1795 48 33 dit
1498 1794 57 33 Bal
1582 1795 46 32 du
1647 1794 65 33 duc

781 1855 199 43 d'Alençon
1020 1856 188 44 (peut-être
1245 1866 59 34 par
1341 1855 158 33 Herman
1542 1866 67 21 van
1654 1854 60 33 der

782 1915 104 43 Mast,
916 1915 97 34 élève
1040 1915 43 33 de
1113 1914 105 34 Frans
1247 1914 122 43 Floris,
1404 1925 46 22 ou
1487 1925 59 34 par
1568 1915 144 40 Jeroom

785 1974 225 43 francken)
1768 1972 47 34 XI

375 2036 91 35 1035
639 2056 39 3 —
732 2035 60 33 Bal
818 2035 121 33 donné
965 2036 19 31 à
1010 2034 30 34 la
1068 2033 97 35 Cour
1192 2034 42 33 de
1263 2034 110 33 Henri
1401 2033 47 33 III
1481 2035 18 31 à
1530 2033 184 33 l'occasion

783 2094 46 33 du
870 2094 154 45 mariage
1066 2093 155 42 d'Anne,
1263 2093 66 33 duc
1368 2093 42 33 de
1436 2093 168 45 Joyeuse,
1632 2103 82 22 avec

783 2154 212 44 Marguerite
1022 2153 42 34 de
1093 2153 179 40 Lorraine,
1303 2164 43 22 en
1374 2152 81 45 1581
1499 2152 132 45 (même
1668 2160 47 24 at-

784 2214 168 33 tribution
979 2224 68 34 que
1075 2224 88 33 pour
1190 2212 30 33 le
1247 2212 135 33 tableau
1411 2212 163 44 précédant
1762 2210 47 34 XI

377 2274 92 35 1036
641 2294 45 3 —
740 2273 109 33 Henri
878 2273 59 42 111,
967 2274 18 31 à
1012 2283 141 35 genoux
1180 2283 43 22 au
1251 2272 78 44 pied
1357 2272 43 32 de
1428 2271 29 33 la
1485 2271 225 33 croix
1766 2270 47 33 XI

378 2334 90 35 1037
642 2354 41 3 —
738 2333 150 33 Portrait
933 2332 244 33 d'Antoinette
1226 2331 187 34 d'Orléans
1455 2330 171 33 duchesse
1674 2330 42 33 de

787 2393 87 32 Retz
1767 2389 48 33 XI

379 2454 33 32 S.
441 2454 46 32 N°
646 2473 40 3 —
742 2452 148 33 Portrait
917 2452 43 32 de
988 2451 81 32 Mme
1097 2451 43 33 de
1158 2451 48 33 St.
1233 2450 107 33 Boive
1362 2449 151 44 (femme
1535 2460 42 22 en
1602 2450 110 39 buste,

788 2512 42 33 de
858 2512 83 33 trois
969 2519 117 37 quarts
1113 2512 18 31 à
1157 2510 153 45 gauche)
1768 2507 47 33 XI

378 2572 34 33 S.
443 2572 55 33 N°
651 2592 39 3 —
746 2571 148 33 Portrait
930 2570 42 33 de
1011 2570 104 33 Louis
1149 2570 42 32 de
1226 2569 118 33 Balzac
1376 2568 241 44 d'Entragues,
1653 2567 63 32 sei-

786 2641 112 34 gneur
924 2630 61 32 des
1014 2629 134 33 Dunes.
1205 2628 506 33 Miniature.
1767 2625 47 33 XI

379 2690 34 33 S.
444 2691 50 32 N°
647 2710 45 3 —
744 2689 149 34 Portrait
919 2689 43 33 de
991 2688 84 33 Paul
1102 2688 43 33 de
1171 2688 114 40 Stuer,
1314 2687 162 44 seigneur
1497 2686 42 33 de
1560 2685 50 33 St.
1636 2685 82 33 Mai-

788 2748 89 45 grin.
932 2748 173 32 Miniature
1769 2743 47 34 XI

381 2808 89 35 2641
499 2821 19 20 a
647 2828 37 3 —
740 2807 149 33 Portrait
915 2807 43 33 de
986 2806 133 34 femme
1147 2814 120 25 tenant
1288 2817 47 21 un
1358 2804 187 33 mouchoir
1566 2804 42 32 de
1634 2804 83 31 den-

791 2866 80 33 telle
898 2867 87 32 dans
1012 2877 35 22 sa
1076 2865 96 33 main
1200 2865 111 33 droite
1339 2864 124 45 gantée
1491 2863 42 32 de
1562 2863 74 33 noir
1769 2861 47 34 XI
