2275 3467
546 322 144 50 PARIS,
727 321 162 41 MUSÉE
922 321 237 41 NATIONAL
1193 332 60 29 DU
1287 319 184 42 LOUVRE
1722 317 88 43 125

632 438 263 77 ÉCOLE
958 452 429 61 ANGLAISE

192 547 56 27 Les
268 547 79 26 deux
366 546 91 26 salles
477 548 158 24 contenant
655 546 44 26 les
718 545 138 26 tableaux
874 545 37 26 de
928 545 102 26 l'école
1051 544 135 34 anglaise
1203 544 113 26 n'étant
1332 552 53 26 pas
1399 543 204 32 numérotées,
1619 551 76 18 nous
1709 543 162 33 désignons

156 601 27 26 la
201 600 145 35 première
366 600 40 31 (la
426 600 66 34 plus
513 600 108 34 proche
642 600 36 25 de
696 599 27 26 la
740 599 73 26 salle
833 599 37 25 de
891 599 28 25 la
939 599 138 25 donation
1100 598 136 34 Adolphe
1257 599 37 25 de
1315 598 185 31 Rothschild)
1529 604 59 33 par
1630 591 240 33 l'abréviation

156 655 74 34 A-I
258 660 41 26 et
299 660 41 26 la
340 660 125 26 seconde
492 665 59 34 par
585 654 108 33 A-II.

179 918 87 35 1801
367 917 190 45 Beechey,
585 916 59 36 Sir
671 916 180 34 William.
873 915 261 45 (1753-1839).
1159 936 41 3 —
1224 915 101 33 Frère
1345 923 33 25 et
1399 926 107 22 sœur.
1560 914 84 34 A-II

180 977 89 35 1802
369 977 230 44 Bonington,
623 975 348 36 Richard-Parkes.
1000 975 260 44 (1801-1828).
1291 995 39 2 —
1351 974 162 42 François

583 1036 42 32 1er
651 1044 33 25 et
712 1035 29 33 la
768 1034 171 34 duchesse
967 1034 538 45 d'Etampes.
1565 1033 65 34 A-I

179 1096 90 36 1803
441 1116 39 3 —
534 1096 105 32 Anne
666 1094 236 34 d'Autriche
902 1094 64 34 et
966 1094 537 34 Mazarin.
1563 1093 65 34 A-I

180 1156 89 35 1804
439 1175 42 4 —
535 1155 76 33 Vue
638 1155 45 32 du
712 1163 148 36 parterre
888 1153 101 34 d'eau
1017 1155 17 32 à
1063 1154 443 33 Versailles.
1566 1152 65 34 A-I

179 1215 91 35 1804
294 1226 19 22 a
441 1234 45 5 —
536 1214 78 34 Vue
641 1214 60 33 des
727 1214 95 33 côtes
849 1214 228 41 normandes,
1106 1213 401 45 esquisse.
1566 1212 65 34 A-I

180 1274 89 36 1805
439 1295 45 3 —
535 1274 77 33 Vue
639 1274 43 33 de
709 1273 797 34 Venise.
1565 1271 66 35 A-I

179 1334 84 35 1805
263 1334 51 35 a
442 1353 46 5 —
539 1333 46 33 La
612 1332 112 34 vieille
752 1341 754 36 gouvernante.
1565 1331 84 34 A-II

267 2025 84 36 1804
748 2026 180 28 BONINGTON

1079 2024 86 40 I808
1568 2021 190 31 CONSTABLE

180 2132 34 34 S.
244 2133 51 34 No
373 2133 231 45 Bonington,
634 2134 349 36 Richard-Parkes.
1014 2135 250 44 (1801-1828).
1296 2155 44 4 —
1380 2134 132 34 Monu-

584 2202 98 25 ment
708 2194 43 33 de
792 2194 53 34 B.
845 2194 180 34 Colleoni
1052 2206 59 23 sur
1144 2195 31 33 la
1202 2194 94 45 place
1323 2194 69 33 San
1420 2193 92 34 Gio-

582 2253 106 34 vanni
714 2265 19 22 e
760 2254 110 34 Paolo
896 2256 18 32 à
941 2254 142 34 Venise.
1137 2254 370 45 Aquarelle.
1566 2252 85 34 A-II

180 2310 34 35 S.
245 2312 51 33 No
449 2333 39 3 —
543 2312 219 47 L'odalisque
789 2325 66 22 aux
883 2314 174 45 palmiers.
1112 2307 394 52 Aqùarelle.
1565 2312 86 34 A-II

181 2370 90 36 1806
371 2371 219 44 Constable,
618 2373 112 35 John.
782 2372 259 46 (1776-1837).
1073 2394 41 3 —
1144 2374 47 33 Le
1217 2381 137 36 cottage
1566 2372 66 34 A-I

182 2430 89 35 1807
442 2452 40 3 —
536 2431 258 35 L'arc-en-ciel.
849 2433 76 44 Vue
925 2433 57 44 de
982 2433 232 44 Salisbury.
1251 2432 261 44 (Attribué).
1571 2431 62 34 A-I

182 2489 90 35 1808
443 2511 40 4 —
537 2491 46 34 La
611 2492 74 33 baie
712 2492 42 34 de
782 2492 236 46 Weymouth,
1042 2494 18 31 à
1086 2492 199 45 l'approche
1315 2492 42 33 de
1386 2491 131 45 l'orage
1567 2491 66 34 A-I

183 2548 89 36 1809
444 2571 39 3 —
536 2550 78 34 Vue
635 2551 42 34 de
697 2551 217 46 Hampstead
937 2552 130 42 Heath,
1084 2551 81 34 effet
1181 2551 160 46 d'orage;
1361 2551 155 45 esquisse
1566 2551 66 34 A-I

183 2608 90 35 1810
444 2629 40 4 —
538 2610 182 46 Paysage:
720 2610 123 46 "The
871 2611 110 34 Glebe
1011 2611 137 34 Farm)).
1192 2611 193 44 (Attribué)
1567 2610 65 34 A-I

184 2667 90 34 1810
299 2678 18 22 a
445 2688 40 4 —
539 2668 46 34 Le
612 2669 150 34 moulin.
805 2671 192 43 (Attribué;
1022 2671 178 44 peut-être
1222 2669 287 46 d'après).
1567 2670 64 34 A-I

184 2725 91 35 1810
302 2732 17 27 b
375 2727 101 45 Etty,
505 2728 181 34 William.
715 2729 249 45 (1787-1849).
997 2750 39 3 —
1068 2730 110 33 Etude
1214 2730 42 33 de
1284 2729 134 34 femme
1445 2741 69 22 nue

586 2787 87 34 dans
699 2799 47 22 un
776 2799 731 34 paysage.
1568 2789 64 34 A-I

183 2844 49 34 S.
232 2844 66 34 No
451 2866 39 4 -
546 2846 205 46 Odalisque.
805 2848 703 45 Aquarelle.
1567 2849 84 34 A-II
