2263 3455
530 338 143 51 PARIS,
709 337 157 46 MUSÉE
898 336 240 42 NATIONAL
1171 348 59 29 DU
1265 334 185 42 LOUVRE
1716 331 84 44 121

169 467 88 35 1707
381 466 180 42 Morales,
598 466 87 34 Luis
714 465 57 42 de,
799 465 49 32 dit
888 465 42 33 El
969 464 146 35 Divino.
1161 463 339 46 (Commencement

570 525 45 33 du
643 524 100 34 XVIe
770 523 101 34 siècle
901 544 15 3 -
951 522 114 46 1586).
1089 544 43 3 —
1156 523 46 34 Le
1228 523 116 34 Christ
1365 532 138 36 portant

572 585 28 32 la
628 584 862 33 croix.
1551 583 47 34 VI
1626 587 49 31 tr.
1706 582 71 36 D-S

169 645 90 35 1708
386 644 169 42 Murillo,
606 640 205 38 Bartolomé
811 640 41 38 -
852 640 205 38 Estéban.
1099 641 244 46 (1617-1682).
1372 662 45 4 —
1458 642 46 33 La

571 702 220 45 Conception
821 700 214 34 Immaculée
1062 701 42 33 de
1139 701 29 33 la
1196 701 141 46 Vierge;
1366 701 136 34 tableau

571 772 43 23 en
642 761 853 45 largeur.
1651 782 41 3 —

170 823 89 35 1709
430 842 44 3 —
528 820 43 34 La
594 820 222 45 Conception
844 819 215 34 Immaculée
1081 820 42 33 de
1145 819 30 33 la
1203 819 140 46 Vierge;
1366 820 136 34 tableau

576 879 43 23 en
647 868 848 33 hauteur.
1651 889 45 3 —

399 1762 85 34 1713
823 1756 143 27 MUKILLO

1132 1760 83 32 1709
1459 1753 144 30 MURILLO

507 2336 84 42 1716
1355 2334 145 29 MURILLO

171 2431 89 35 1710
382 2432 166 42 Murillo,
592 2430 201 37 Bartolomé
793 2430 40 37 -
833 2430 202 37 Estéban.
1088 2426 244 47 ^1617-1682).
1380 2446 45 3 —
1459 2424 47 33 La

575 2492 178 32 naissance
780 2491 42 32 de
851 2490 29 33 la
908 2482 340 52 Vierge
1248 2482 145 52 VI
1393 2482 194 52 tr.
1587 2482 197 52 D-S

170 2550 88 34 1711
429 2571 44 4 —
526 2551 125 45 Vierge
679 2550 818 46 glorieuse.
1653 2563 40 3 —

172 2610 90 33 1712
434 2631 38 2 —
528 2610 45 32 La
600 2609 128 46 Vierge
755 2621 42 21 au
825 2609 157 44 chapelet
1652 2623 40 3 —

172 2668 89 35 1713
432 2690 40 2 —
525 2668 117 34 Sainte
673 2668 156 42 Famille,
858 2668 70 33 dite
957 2666 70 34 «La
1054 2666 128 44 Vierge
1209 2665 43 33 de
1279 2663 217 34 Séville».
1652 2683 41 3 —

172 2727 91 35 1714
432 2748 41 4 —
526 2727 237 45 Jésus-Christ
790 2739 42 21 au
861 2727 110 44 jardin
999 2726 60 33 des
1087 2724 409 34 Oliviers.
1654 2742 38 3 —

173 2787 187 34 1715
360 2787 113 34 —
529 2789 44 31 Le
601 2786 117 34 Christ
745 2789 17 30 à
790 2787 30 32 la
847 2786 651 33 colonne.
1653 2801 40 4 —

174 2846 89 36 1716
435 2867 39 3 —
528 2845 139 34 Miracle
682 2845 42 33 de
740 2844 68 34 San
824 2845 126 44 Diego,
968 2844 49 33 dit
1040 2844 52 32 «la
1111 2842 146 34 Cuisine
1278 2842 61 33 des
1359 2852 143 35 angesn.
1651 2861 46 5 —
